2774 3651
1176 332 1291 343 -.
1355 305 1424 355 24
1488 333 1603 344 ..-

332 440 444 483 cula
473 438 717 492 neglectam
744 435 873 478 illam
903 437 951 477 et
975 433 1106 491 quasi
1129 435 1378 493 sepultam,
1416 435 1694 493 protrahere·
1710 447 1869 481 rursus
1897 435 1945 481 in
1974 436 2138 483 lucem.
2204 433 2277 482 At
2303 446 2439 492 quum

335 508 448 549 satis
485 504 557 546 hic
592 503 808 546 habuisse
837 500 1068 555 videatur,
1105 502 1328 546 inventam
1356 516 1454 546 eam
1484 507 1658 546 tantum
1689 495 1950 556 ostende&
1985 515 2073 547 non
2102 507 2250 547 autem
2277 500 2441 546 enoda·

332 576 424 614 tam
461 569 705 628 diligenter
733 584 976 629 exponere,
1014 569 1114 613 fieri
1143 584 1230 613 non
1258 571 1433 630 potuit,
1460 570 1592 629 quin,
1621 584 1712 629 quo
1741 571 1848 615 olim
1876 570 1966 615 iam
1996 570 2129 614 buius
2161 569 2275 613 artis
2303 568 2443 627 magi-

330 638 441 693 stri,
479 653 533 682 ne
572 640 950 698 amplecterentur
979 651 1100 691 eam,
1134 639 1510 696 prohibebantur,
1548 637 1597 681 id
1621 653 1736 682 nune
1759 651 1949 697 quoque
1973 636 2039 691 ei,
2077 637 2315 695 quominus
2350 642 2445 681 sta-

333 706 415 751 tim
451 706 743 765 probaretur,
780 711 903 751 esset
936 704 1272 763 impedimento.
1338 706 1445 751 Duo
1474 705 1614 764 igitur
1646 706 1734 750 viri
1763 706 1970 765 inprimis
2000 704 2121 750 docti
2149 710 2282 763 atque
2311 704 2446 757 acuti,

331 776 411 834 qui
447 776 602 834 paullo
640 780 747 834 post
786 775 1028 820 Grecinum
1071 774 1328 819 scribebant
1368 774 1707 832 grammaticas,
1755 774 1999 820 Thomas
2036 772 2283 817 Linacer
2319 776 2366 815 et
2403 770 2446 818 I.

335 842 553 890 caesar
582 842 883 901 Scaliger,
911 843 1131 887 rationem
1160 844 1285 888 illam
1314 859 1447 901 quam
1476 859 1531 888 ex
1562 842 1747 889 Grocini
1776 843 2067 901 grammatica
2093 840 2316 887 habebant
2343 839 2446 897 per·

333 917 537 971 ceptam,
574 926 764 971 prorsus
793 911 1024 970 aspernati
1054 915 1134 955 aut
1163 926 1251 957 non
1282 910 1460 969 dignam
1492 916 1637 966 certe,
1675 927 1809 970 quam
1838 912 1886 956 in
1918 907 2135 954 tradenda
2166 907 2247 951 hac
2280 905 2448 950 doctri-

333 995 391 1023 na
409 985 722 1038 sequerentur,
751 978 963 1023 arbitrati
978 983 1099 1024 sunt.
1147 977 1391 1024 Linacer
1419 980 1534 1024 enim
1565 978 1642 1036 (de
1659 978 1832 1026 emend.
1851 983 2012 1024 struet.
2024 977 2129 1022 Lat.
2149 990 2284 1020 serm.
2307 974 2389 1021 lib.
2406 973 2449 1020 Ie

330 1062 377 1106 p.
394 1048 469 1092 32.
498 1046 570 1091 ed.
598 1045 746 1092 Basil.
776 1047 931 1105 1542.)
957 1050 1220 1106 postquam,
1257 1046 1438 1108 sibimet
1465 1047 1556 1106 ipsi
1583 1046 1692 1105 quid
1721 1046 1778 1091 de
1805 1046 2083 1108 temporibus
2110 1043 2344 1097 videatur,
2372 1056 2448 1086 ex-

330 1116 507 1174 posuit,
543 1115 830 1169 „Grocinus,
857 1115 1028 1173 inquit,
1063 1121 1116 1159 ιιι
1142 1115 1190 1159 in
1219 1115 1340 1160 omni
1367 1115 1623 1159 litterarum
1653 1128 1840 1172 genere,
1877 1116 1944 1159 ita
1971 1115 2019 1159 in
2049 1114 2132 1158 hoc
2161 1127 2341 1172 quoque
2371 1126 2445 1155 cu-

331 1184 510 1237 riosus,
538 1185 673 1227 aliter
699 1188 904 1242 tempora
934 1181 1134 1226 dividere
1166 1183 1358 1228 solebat.
1414 1182 1534 1228 Nam
1564 1196 1800 1242 praesens,
1828 1183 2123 1242 praeteritum
2153 1185 2201 1224 et
2229 1181 2448 1232 futurum,

331 1251 512 1306 singula
541 1250 738 1306 duplicia
765 1250 875 1293 fecit
902 1250 986 1293 hoc
1017 1249 1172 1293 modo:
1203 1249 1426 1293 Praesens
1454 1250 1788 1307 imperfectum,
1818 1254 1872 1293 ut
1901 1249 2074 1292 scribo:
2103 1262 2315 1305 praesens
2345 1261 2448 1304 per-

329 1317 496 1361 fectum
526 1319 824 1372 παρακείμενον
854 1326 1015 1369 graece
1044 1314 1236 1367 dictum,
1265 1320 1318 1358 ut
1345 1315 1536 1374 scripsi:
1572 1314 1785 1358 hactenus
1815 1330 1915 1358 cum
1943 1316 2111 1360 Stoicis
2141 1315 2338 1359 sentiens
2352 1345 2367 1368 ‚
2395 1319 2447 1357 ut

330 1399 384 1428 ex
410 1382 645 1428 Prisciauo
676 1382 933 1441 accipimus.
1001 1379 1180 1425 Deinde
1206 1382 1410 1426 futurum
1439 1381 1773 1440 imperfectum,
1810 1387 1863 1426 ut
1889 1384 2106 1428 scribam:
2141 1384 2344 1427 futurum
2371 1396 2447 1426 ex-

334 1456 484 1496 actum
514 1450 607 1492 sive
637 1448 921 1498 absolutum,
960 1451 1012 1488 ut
1040 1446 1282 1503 scripsero.
1348 1447 1528 1491 Rursus
1558 1448 1851 1505 praeteritum
1883 1447 2217 1504 imperfectum,
2258 1453 2311 1491 ut
2337 1449 2450 1493 scri·

336 1519 516 1570 bebam3
564 1515 834 1576 perfectum,
868 1517 920 1556 ut
954 1511 1238 1570 scripseram.
1250 1517 1279 1540 ‘⁶
1310 1513 1360 1568 ¹⁸¹⁵)
1429 1512 1700 1570 Scaliger
1731 1519 1878 1558 autem
1921 1512 2001 1570 (de
2030 1514 2180 1559 causis
2204 1516 2316 1573 ling.
2343 1517 2448 1564 Lat.

335 1589 416 1633 lib.
434 1585 495 1632 V.
525 1599 564 1630 c.
584 1584 685 1628 113.
716 1597 762 1641 p.
784 1580 934 1637 296.):
982 1579 1086 1634 „Ex
1117 1580 1210 1636 his,
1246 1581 1416 1639 inquit,
1454 1582 1750 1641 percipimus,
1780 1581 2022 1628 Grecinum
2052 1587 2181 1627 acute
2211 1582 2447 1629 admodum

334 1662 537 1713 tempora
574 1651 810 1703 divisisse,
848 1648 928 1693 sed
959 1649 1104 1693 minus
1132 1649 1376 1695 commode.
1441 1649 1556 1694 Tria
1584 1650 1701 1694 enim
1729 1651 1966 1696 constituit
1995 1656 2047 1696 ut
2075 1666 2181 1706 noe,
2221 1653 2301 1697 sed
2331 1669 2444 1713 quae

334 1724 542 1768 bifariam
573 1725 724 1771 secat,
762 1718 1006 1777 perfectum
1035 1720 1082 1760 et
1111 1717 1445 1776 imperfectum,
1481 1718 1570 1761 sic:
1612 1715 1915 1762 Praeteritum
1948 1719 2281 1778 imperfectum,
2318 1737 2439 1765 ama-

336 1792 463 1835 bam:
492 1787 795 1831 Praeteritum
813 1786 1084 1849 perfectum,
1115 1798 1378 1829 amaveram.
1436 1785 1577 1830 Recte
1606 1799 1729 1832 sane.
1787 1785 1849 1831 Et
1866 1785 2089 1831 Praesens
2119 1787 2444 1846 imperfectum,

337 1872 454 1903 amo.
511 1856 652 1898 Recte
678 1854 918 1895 haetenus:
945 1853 1175 1895 continuat
1202 1854 1318 1897 enim
1349 1868 1543 1898 amorem
1570 1868 1712 1913 neque
1739 1853 1949 1902 absolvit.
2004 1855 2078 1900 At
2100 1869 2313 1914 praesens
2343 1872 2446 1917 per-

337 1929 527 1977 fectum,
567 1922 733 1966 amavi:
773 1922 875 1978 quis
906 1921 988 1962 boc
1021 1917 1173 1964 dicat?
1230 1922 1397 1966 Amavi
1426 1936 1507 1979 ego
1537 1922 1722 1980 triginta
1749 1923 1905 1967 abhinc
1935 1923 2076 1968 annis.
2136 1923 2252 1981 Quis
2282 1940 2443 1970 annum

340 1996 428 2038 iam
470 1991 745 2035 tricesimum
784 1994 1065 2047 praesentem
1105 1986 1258 2033 dicat?
1314 1990 1388 2034 De
1429 1991 1584 2034 futuro
1622 1995 1771 2034 autem
1810 1996 1863 2035 ιιι
1897 2005 1985 2034 non
2022 1992 2137 2036 male
2173 1992 2334 2047 sentit,
2379 1994 2445 2039 ita

340 2067 675 2106 controversum
707 2062 802 2100 est:
848 2056 1094 2108 Futurum,
1133 2057 1282 2114 inquit
1308 2059 1642 2117 imperfectum,
1678 2058 1860 2104 amabo:
1905 2058 2179 2117 perfectum,
2218 2075 2448 2117 amaver03

341 2145 427 2173 non
461 2128 576 2170 male
611 2126 815 2182 inquam:
851 2125 1072 2179 significat
1111 2125 1227 2167 enim
1266 2140 1493 2180 amavero,
1533 2141 1726 2171 amorem
1766 2127 1968 2171 futurum
2000 2131 2048 2171 et
2083 2127 2337 2173 absolutum
2367 2131 2449 2174 iri:

342 2195 499 2242 amabo
538 2193 857 2250 perfectionem
895 2192 1062 2233 nullam
1097 2192 1278 2238 indicat.
1348 2193 1696 2238 controversum
1732 2200 1881 2239 autem
1911 2194 2028 2248 dixi,
2061 2200 2299 2254 propterea
2331 2198 2450 2256 quod

344 2262 568 2308 doctiores
599 2259 821 2312 sentiunt,
858 2274 945 2302 non
985 2259 1312 2304 ahsolutionem
1344 2262 1469 2305 illam
1500 2262 1580 2305 sed
1611 2263 1885 2305 celeritatem
1916 2263 2164 2320 quandam,
2201 2269 2253 2307 ιιι
2280 2266 2343 2310 sit
2371 2267 2451 2313 ἄό-

343 2348 484 2390 ριστος
507 2328 799 2373 Aeolensium
837 2331 992 2371 τίσειαν
1017 2331 1175 2371 Δαναοὶ
1212 2329 1305 2385 ἐμοὶ
1341 2332 1512 2387 δάκρυα.
1582 2330 1694 2374 Mihi
1727 2329 1909 2374 Grocini
1949 2331 2172 2375 sententia
2208 2333 2313 2391 plus
2353 2336 2448 2393 pla·

344 2404 430 2444 cet.
442 2402 470 2424 “
490 2396 571 2454 *ἢ
632 2395 762 2453 Quae
790 2396 969 2452 quidem
1001 2396 1153 2451 legens
1185 2411 1238 2440 ne
1267 2397 1385 2441 forte
1416 2398 1621 2451 mireris,
1654 2397 1894 2442 Linacrum
1924 2404 1972 2442 et
2002 2398 2305 2457 Scaligerum,
2335 2417 2449 2460 quos

343 2482 431 2512 non
462 2465 668 2508 dubitare
698 2465 805 2506 licet
832 2463 1063 2506 lectitasse
1091 2464 1231 2507 libros
1263 2463 1319 2507 de
1344 2464 1573 2522 analogia,
1614 2465 1769 2524 plenae
1798 2470 1947 2511 tamen
1973 2466 2104 2512 buius
2134 2468 2322 2512 rationis
2352 2470 2451 2513 lau-

345 2536 444 2580 dem
485 2548 571 2576 non
601 2531 657 2573 ad
691 2545 840 2574 verum
871 2531 968 2574 eius
999 2537 1224 2576 auctorem
1255 2531 1529 2587 Varronem,
1564 2531 1646 2576 sed
1685 2533 1741 2577 ad
1770 2534 1918 2594 ipsum
1948 2536 2161 2581 retulisse
2192 2535 2450 2589 Grcciuum,

2333 2604 2451 2649 scias

416 2739 459 2779 ³³)
484 2740 559 2772 Nos
589 2736 728 2778 quidem
756 2745 850 2769 nune
877 2744 922 2768 ex
952 2734 1182 2775 Stephani
1216 2735 1251 2767 in
1274 2735 1488 2778 Dionysium
1511 2736 1774 2772 commentariis
1803 2736 1955 2776 scimus,
1986 2737 2173 2781 praeteriti
2196 2746 2333 2781 quoque
2358 2742 2449 2776 hanc

484 2794 696 2827 divisionem
724 2801 747 2826 a
767 2792 898 2824 Stoicis
922 2799 1004 2823 esse
1028 2792 1234 2832 profectam.

416 2855 483 2898 **)
510 2859 610 2898 Quod
632 2867 677 2891 ne
699 2857 863 2891 llari-isio
891 2857 1031 2898 quidem
1058 2863 1094 2888 et
1111 2857 1241 2888 Reizio
1270 2856 1437 2900 contigit,
1469 2862 1508 2889 ut
1526 2856 1671 2892 Grocini
1700 2860 1968 2900 grammaticam
1996 2861 2176 2900 potuerint
2202 2862 2317 2893 oculis
2340 2871 2449 2895 usur-

488 2921 598 2956 pare,
621 2913 700 2945 eius
720 2913 831 2945 multo
853 2912 971 2946 minus
994 2911 1102 2944 etiam
1127 2916 1183 2943 est
1209 2910 1314 2953 mihi,
1346 2918 1555 2951 quamquam
1578 2913 1766 2954 diligenter
1789 2922 1868 2947 eam
1892 2908 2212 2960 circumspicienti,
2244 2919 2448 2959 opportuni-

485 2974 543 3002 tas
564 2968 676 3002 sacta.
721 2967 924 3010 Loquentes
944 2966 1054 3009 igitur
1072 2967 1194 3000 induxi
1211 2975 1273 3000 eos
1292 2967 1413 3012 viros,
1440 2969 1500 3011 qui
1523 2969 1593 3010 ipsi
1615 2969 1694 3003 sine
1716 2970 1821 3004 dubio
1846 2972 2118 3011 pei-volutarunt
2138 2972 2311 3006 libellum.
