2774 3651
1193 291 1625 341 —25—

317 423 471 479 “scias
508 425 710 482 oportet,
747 434 773 464 a
802 419 1008 467 Varrone
1044 420 1171 470 illam
1208 422 1424 468 rationem
1453 423 1596 481 magis
1626 421 1921 482 significatam
1963 436 2095 481 quam
2127 423 2380 469 luculenter
2411 428 2457 467 et

350 490 520 539 diserte
558 490 804 550 expositam
842 503 968 545 esse,
994 490 1045 546 ³¹⁸¹)
1082 489 1199 537 nude
1236 490 1405 536 factum
1443 496 1537 545 est,
1580 495 1633 535 ut
1674 491 1890 550 permulti
1942 491 2075 535 etiam
2106 496 2210 549 post
2237 491 2345 537 illos
2375 490 2462 535 viri

351 556 606 602 doctissimi
641 572 697 602 ne
737 552 1132 618 omniuo‘quidem
1170 563 1348 603 exstare
1378 573 1473 604 eam
1503 559 1551 604 in
1581 557 1801 605 Varronis
1831 558 2019 617 scriptis
2051 558 2459 604 animadverterint.

352 624 853 682 CaeterumScaligero
882 622 1008 669 vides
1038 625 1085 670 in
1115 631 1211 672 tota
1242 626 1426 671 Grocini
1453 628 1625 670 ratione
1653 627 1719 671 nil
1744 626 1868 671 aliud
1898 628 2040 671 fuisse
2071 625 2282 687 offensui,
2325 640 2459 683 quam

351 709 440 754 quo
478 693 637 739 offensi
674 692 922 736 iam-erant
949 694 1230 752 grammatici
1257 699 1457 749 veteres,
1497 690 1618 752 ‹iuod
1647 694 1847 753 perfecto
1878 694 1925 739 in
1956 709 2009 739 ea
2039 694 2257 739 tributum
2289 694 2352 738 sit
2380 708 2457 737 no-

351 778 452 807 men
482 760 756 821 praesentis3
806 774 949 824 neque
979 762 1113 806 aliam
1142 762 1200 806 ob
1227 777 1409 807 causam
1437 761 1658 807 Tbomam
1685 761 1925 807 Linacrum
1956 764 1999 807 ei
2033 762 2275 820 denegasse
2305 775 2460 806 assen-

350 846 449 876 sum
481 845 636 883 suum,
666 827 1031 873 manifestissime
1060 834 1212 890 potest
1238 830 1431 887 intelligi
1459 829 1589 884 inde,
1627 830 1750 888 quod
1778 832 1910 875 buius
1940 832 2085 890 ipsius
2114 830 2316 874 doctrina
2347 834 2460 873 tem-

348 911 530 957 porum,
555 897 599 943 si
626 911 761 941 unum
792 897 1018 956 exceperis
1046 898 1316 957 perfectum,
1343 913 1430 943 non
1460 897 1696 942 admodum
1728 914 1753 943 a
1784 905 1937 957 spreta
1967 898 2152 944 Grocini
2177 899 2257 941 illa
2285 898 2459 941 ratione

350 963 578 1012 dissentit.
653 963 829 1011 Horum
870 969 1016 1010 autem
1056 966 1250 1010 virorum
1291 982 1426 1025 quum
1467 981 1707 1025 permagna
1748 973 1870 1011 esset
1908 964 2026 1024 apud
2064 966 2263 1008 homines
2301 963 2457 1009 doctos

350 1033 623 1094 apotoritas,
660 1030 825 1075 factum
862 1036 962 1084 est,
999 1037 1052 1077 ut
1080 1032 1557 1079 Stoico-varroniana
1586 1032 1749 1079 divisio
1782 1039 2057 1093 temporum,
2094 1032 2164 1076 vix
2194 1034 2398 1075 revocata
2430 1046 2455 1075 a

350 1097 546 1144 Grocino
575 1101 623 1144 in
651 1102 809 1154 vitam,
849 1101 936 1144 iam
970 1116 1132 1147 rursus
1161 1102 1208 1147 in
1240 1102 1433 1161 priorem
1464 1101 1730 1146 oblivionem
1762 1101 1983 1146 recideret
2012 1107 2058 1145 et
2088 1100 2176 1143 duo
2207 1114 2347 1159 paene
2375 1113 2457 1158 per

346 1166 524 1225 integra
556 1170 738 1212 saecula
774 1170 975 1225 neglecta
1017 1169 1073 1212 ab
1106 1171 1309 1213 omnibus
1349 1175 1395 1213 et
1424 1170 1684 1213 oblitterata
1712 1170 1896 1214 iaceret.
1953 1168 2059 1213 Non
2088 1167 2327 1211 defuerunt
2356 1167 2456 1225 qui-

349 1232 477 1288 dem,
501 1237 581 1293 qui
605 1235 663 1278 ad
687 1235 908 1279 Varronis
936 1237 1185 1294 exemplum
1212 1250 1261 1278 se
1289 1235 1512 1279 divisuros
1541 1236 1860 1294 profiterentur
1887 1242 2090 1295 tempora
2120 1241 2166 1277 et
2192 1248 2298 1277 vere
2326 1247 2457 1277 cona-

348 1306 507 1347 rentur
535 1301 758 1356 dividere,
788 1302 837 1345 hi
867 1307 1013 1345 autem
1043 1316 1178 1360 quum
1208 1315 1260 1344 ea
1289 1301 1511 1345 Varronis
1538 1302 1699 1354 verba,
1738 1302 1785 1345 in
1817 1302 1980 1359 quibus
2009 1302 2145 1354 solis,
2178 1302 2267 1344 etsi
2296 1302 2455 1345 obscu-

348 1369 445 1415 rius
474 1370 642 1429 paullo,
670 1369 926 1415 Stoicorum
958 1369 1039 1412 illa
1068 1368 1186 1430 ratio
1215 1366 1466 1425 significata
1496 1375 1591 1413 est:
1609 1368 1781 1423 ,Nam
1812 1383 1865 1412 ex
1894 1369 2047 1412 eodem
2079 1384 2238 1424 genere
2268 1373 2315 1412 et
2344 1368 2458 1412 divi-

348 1437 474 1480 sione
492 1432 621 1478 ‘idem
650 1437 857 1485 verbum,
895 1434 1016 1489 quod
1043 1439 1269 1488 sumptum
1299 1441 1397 1484 est,
1431 1448 1515 1489 per
1542 1439 1747 1491 tempora
1774 1435 1955 1475 traduci
1978 1441 2152 1492 potest,
2188 1440 2242 1475 ut
2270 1433 2458 1478 ‹lisce-

349 1500 494 1556 bam,
534 1498 715 1554 disco,
753 1493 1000 1551 discam,
1040 1502 1086 1542 et
1124 1495 1278 1542 eadem
1316 1498 1527 1558 perfecti,
1566 1500 1632 1545 sic
1668 1498 2010 1552 didiceram,
2053 1498 2263 1554 didici,
2303 1500 2455 1546 didi-

349 1572 519 1614 cero“
555 1567 635 1625 (cf.
662 1582 800 1628 supra
827 1581 873 1626 p.
906 1565 1000 1621 1⁵.)
1037 1565 1144 1609 haec
1174 1565 1313 1622 igitur
1341 1566 1476 1612 verba
1503 1582 1640 1625 quum
1664 1582 1751 1611 non
1780 1567 1837 1611 ad
1865 1572 1991 1611 terna
2020 1567 2234 1626 primaria
2259 1569 2305 1611 in
2331 1576 2457 1614 utro-

350 1651 439 1698 que
485 1635 675 1682 actionis
713 1648 875 1694 genere
917 1639 1119 1693 tempora
1160 1632 1362 1679 viderent
1397 1632 1631 1680 referenda
1667 1650 1793 1690 esse,
1849 1636 1980 1679 facile
2021 1637 2220 1695 prolecto
2261 1637 2454 1696 intelligi

351 1710 531 1765 potest,
567 1718 672 1757 eur,
709 1702 829 1761 quod
863 1715 1145 1761 praesens
1184 1701 1495 1746 nominandum
1534 1703 1698 1747 fuisset
1730 1703 2001 1761 perfectum,
2041 1719 2095 1746 ne
2136 1710 2229 1747 tum
2270 1706 2450 1762 quidem

352 1772 605 1818 dubitarint
650 1772 876 1823 nominare
918 1769 1310 1830 praeteritum
1360 1770 1629 1828 perfectum,
1677 1769 1724 1815 id
1763 1770 1881 1828 quod
1919 1784 2026 1828 prae
2064 1771 2252 1816 caeteris
2293 1773 2454 1818 accidit

351 1840 509 1887 Ioanni
538 1838 741 1884 Gerardo
773 1837 941 1882 Vossio
970 1835 1026 1879 de
1053 1836 1169 1881 anal.
1198 1835 1303 1882 libr.
1325 1835 1414 1882 ΠΙ.
1446 1852 1484 1883 c.
1506 1839 1579 1884 13.

324 1914 327 1916 ’
488 1906 882 1953 Verumenimvero
921 1903 1201 1961 grammatici
1240 1904 1372 1947 buius
1403 1905 1567 1947 aetatis
1605 1903 1692 1947 etsi
1722 1909 2009 1950 monstratam
2050 1921 2073 1950 a
2107 1907 2299 1954 Grocino
2331 1908 2454 1954 Stoi-

350 1989 502 2022 corum
540 1974 850 2032 Varronisque
890 1972 1007 2018 viam
1054 1971 1354 2029 reliquerant,
1402 1971 1458 2015 de
1499 1970 1672 2015 duabus
1710 1975 1856 2014 tamen
1898 1968 2055 2028 rebus,
2103 1976 2150 2019 in
2189 1977 2352 2034 quibus
2395 1976 2450 2021 ad

351 2059 487 2090 unum
513 2057 664 2089 omnes
687 2040 979 2102 pertinaciter
1005 2044 1265 2085 erraverant
1292 2040 1498 2097 magistri
1527 2038 1722 2097 antiqui,
1752 2040 1838 2082 iam
1871 2042 2003 2085 aliter
2028 2044 2265 2102 veriusque
2295 2059 2452 2104 coepe-

350 2119 460 2158 runt
486 2117 700 2157 statuere.
758 2109 958 2154 Primum
987 2109 1126 2161 enim,
1161 2121 1292 2165 quam
1324 2108 1393 2151 illi
1421 2108 1564 2152 futuri
1591 2107 1778 2150 formam
1805 2109 2084 2152 nominarant
2113 2110 2312 2155 futurum
2346 2113 2452 2156 suh-

351 2178 562 2233 iun'ctivi,
598 2193 693 2223 eam
728 2178 777 2220 hi
804 2176 1043 2220 censebant
1071 2177 1117 2219 in
1145 2175 1382 2218 indicativo
1411 2174 1706 2233 reponendam
1737 2180 1785 2218 et
1818 2175 2125 2233 appellandam
2155 2192 2254 2222 esse
2291 2180 2453 2224 futu-

352 2264 471 2294 rum
521 2252 792 2291 exactum.
869 2243 944 2289 Ita
981 2245 1098 2288 enim
1137 2245 1390 2287 maluerunt
1434 2242 1583 2286 dicere
1618 2257 1751 2301 quam
1802 2243 2053 2288 futurum
2106 2248 2450 2305 perfectum,

353 2332 440 2362 non
480 2330 568 2375 quo
608 2313 832 2357 diversum
874 2310 1055 2369 aliquod
1093 2312 1268 2354 nomine
1300 2311 1382 2353 illo
1420 2310 1747 2366 significaretur
1785 2316 1918 2369 atque
1950 2313 2058 2367 hoc,
2094 2312 2175 2356 sed
2211 2315 2315 2372 quia
2345 2330 2451 2374 per-

353 2385 464 2429 fecti
503 2380 745 2442 appellatio
772 2384 863 2422 tam
894 2378 1077 2438 propria
1106 2378 1164 2421 iis
1192 2377 1426 2422 videbatur
1453 2392 1553 2421 esse
1595 2385 1655 2436 τῷ
1685 2383 1966 2437 παρακειμένῳ
2008 2386 2055 2423 et
2089 2381 2294 2424 universo
2324 2398 2453 2441 prae-

353 2452 489 2499 terito
518 2448 733 2508 tempori,
772 2451 824 2490 ut
853 2445 901 2490 id
930 2445 977 2489 in
1008 2445 1209 2489 futurum
1238 2458 1411 2503 quoque
1439 2446 1684 2490 transferre
1712 2446 1804 2490 sint
1831 2448 1978 2494 veriti.
2036 2446 2162 2492 Usus
2193 2454 2339 2493 autem
2369 2451 2450 2494 hoc

355 2520 530 2567 nomine
560 2522 632 2562 est
660 2517 832 2576 primus
863 2513 1236 2573 Pomponius,
1257 2513 1337 2570 *ἢ
1363 2518 1468 2573 post
1495 2527 1595 2558 eum
1625 2514 1865 2560 Thomas
1898 2514 2161 2569 Linacer,
2190 2518 2268 2574 qui
2289 2523 2452 2571 tamen,

423 2680 469 2721 *J
501 2679 558 2713 cf.
580 2678 642 2712 Fr.
666 2678 759 2718 Aug.
782 2674 944 2710 wolfius
975 2674 1011 2707 in
1041 2674 1228 2717 praelectt.
1251 2672 1296 2705 de
1319 2670 1447 2706 auidiis
1470 2671 1631 2716 antiquit.
1652 2673 1709 2707 ed.
1733 2682 1756 2708 a
1780 2674 1970 2708 Guernero
1995 2674 2024 2706 1.
2048 2683 2083 2714 p.
2104 2673 2163 2707 94.
2219 2675 2287 2707 Die
2309 2677 2452 2709 swiker

492 2735 607 2769 haben
637 2732 735 2765 diese
765 2732 1001 2772 vorstellung
1031 2730 1183 2772 gebabt3
1221 2729 1276 2761 sie
1309 2730 1428 2762 steckt
1454 2730 1546 2763 auch
1577 2729 1626 2761 im
1648 2730 1768 2763 Varro
1799 2731 1843 2762 de
1876 2731 1998 2772 lingua
2021 2730 2101 2762 Lat.
2127 2730 2173 2762 im
2198 2731 2359 2764 zweiten
2382 2735 2452 2766 und

493 2791 624 2823 dritten
649 2789 785 2831 nuche,
806 2788 893 2822 aber
915 2793 999 2818 nur
1021 2786 1068 2820 in
1093 2785 1309 2819 winken.

429 2846 490 2886 ³⁸)
512 2847 570 2879 Ab
587 2848 651 2878 hoc
668 2844 760 2877 enim
777 2844 867 2876 hanc
889 2840 1205 2874 denominationem
1222 2840 1419 2880 protectam
1432 2848 1513 2871 esse
1530 2845 1684 2872 testatur
1705 2840 1858 2872 Linacer
1880 2849 1914 2879 p.
1926 2842 1983 2874 31.
2020 2841 2086 2871 Est
2108 2847 2228 2872 autem
2246 2842 2277 2872 is
2295 2843 2371 2874 sine
2388 2845 2453 2874 du-

490 2900 550 2934 bio
565 2898 740 2934 varronis
764 2898 826 2931 iile
849 2897 966 2931 editor
989 2896 1155 2938 princeps
1185 2894 1340 2929 Iulius
1371 2894 1649 2938 Pomponius
1673 2895 1868 2937 Laetus,
1891 2902 1994 2936 quem
2016 2901 2158 2929 constat
2175 2896 2309 2933 Romae
2324 2898 2454 2932 obiisse

495 2964 589 2992 anno
614 2954 718 2989 14⁹7.
1759 2993 1791 3037 ⁴
