2774 3651
1171 224 1565 274 -α-

315 364 539 407 momento
576 359 659 402 illo
698 355 831 411 vivit,
867 354 1113 409 hominem,
1152 410 1155 411 7
1286 356 1582 401 autemzlhsee
1619 353 1872 414 posterior·
1898 354 2015 400 inter
2040 369 2092 402 se
2126 355 2230 417 ipsa
2257 370 2419 406 rursus

310 429 403 480 ita,
438 430 492 470 ut
529 424 556 471 ὅ
581 421 764 483 παρών
798 425 999 482 χρόνος
1026 424 1110 469 sim
1193 417 1220 435 ”
1267 421 1603 483 ιγ’ᾱοίἰῂετίᾶ
1631 426 1834 482 tempu,
1872 419 1996 481 qaod
2024 421 2152 469 adest
2177 424 2347 473 lto-’ai
2371 433 2422 474 et

307 507 414 539 eum
443 494 575 553 quasi
602 494 869 544 comitatur,
896 498 1172 551 praesens
1202 495 1350 537 autem
1376 490 1497 550 qaod
1523 505 1674 542 eoram
1698 491 1748 536 ei
1767 489 1897 534 adest
1912 493 1964 535 st
1983 490 2127 536 oeulis
2146 495 2275 549 quasi
2289 495 2349 540 ab
2363 510 2420 542 ω

312 559 562 622 adspicitur
582 560 656 621 ⁷⁸²),
693 562 919 606 instans
949 558 1141 618 denique
1170 558 1291 618 quod
1319 573 1374 604 ex
1397 558 1585 605 adverso
1604 571 1705 604 eum
1721 562 1855 616 urget
1871 561 1920 603 et
1936 556 2114 604 infestis
2132 561 2264 619 quasi
2277 563 2419 622 signis

314 630 514 676 occurrit
542 630 600 676 ei.
1426 649 1443 655 ..
1521 650 1524 653 ,
2088 640 2093 642 -

379 842 424 888 *)
453 834 652 880 Senserunt
673 842 710 879 id
736 848 775 878 et
796 841 1017 880 Isidorus
1036 840 1075 878 in
1097 841 1222 887 origg.
1244 843 1301 889 1,
1333 842 1437 889 20⁴7„
1468 841 1530 887 qul
1560 841 1631 877 etsi
1661 840 1834 885 originem
1867 842 1971 877 vocis
1992 850 2224 884 praesens
2245 851 2419 884 perverse

445 901 593 934 deduxit
615 908 640 935 a
662 899 839 934 sentiendi
863 900 997 947 verbo,
1026 899 1102 934 vim
1124 903 1245 936 tamen
1265 899 1345 936 eius
1367 899 1498 944 optime
1520 898 1663 943 aperuit
1684 898 1740 933 his
1764 898 1907 934 verbis:
1931 924 1956 945 ‚‚
1969 899 2150 936 Praesens
2175 898 2308 936 dictum
2323 902 2417 945 quod

445 958 495 991 sit
518 967 606 999 prae
629 958 795 990 sensibus
813 957 838 989 i.
861 965 895 990 e.
919 965 1071 990 eoram
1093 958 1270 1001 oculis,
1303 958 1363 998 qui
1386 964 1516 991 sensus
1541 962 1624 990 suut
1647 954 1867 1000 corporis“,
1899 962 1936 990 et
1963 958 1992 990 1.
2018 957 2059 992 C.
2083 956 2331 1004 Scaliger,
2353 958 2418 1001 qut

444 1014 509 1053 (de
534 1022 655 1047 causs.
680 1014 769 1055 ling.
791 1015 873 1047 Lat.
897 1022 931 1046 c.
960 1015 1060 1053 113.)
1090 1022 1264 1055 praesens
1286 1013 1374 1047 dicit
1396 1009 1482 1047 'esse
1505 1022 1594 1055 prae
1617 1013 1642 1046 i.
1665 1021 1699 1045 e.
1721 1017 1830 1045 ante
1855 1015 2031 1046 oculos.
2077 1013 2195 1047 Habet
2218 1013 2329 1054 igitur
2350 1015 2419 1048 hoo

442 1070 661 1103 vocabulum
683 1077 763 1103 eam
788 1068 876 1112 vim,
899 1074 940 1103 nt
955 1077 1088 1111 augere
1105 1069 1212 1102 etiam
1232 1070 1347 1111 possit
1370 1070 1667 1112 significationem
1683 1069 1873 1102 verborum
1893 1071 1945 1102 ad
1956 1077 1977 1101 e
1988 1078 2006 1101 s
2018 1078 2036 1100 s
2048 1077 2070 1101 e
2087 1074 2125 1101 et
2146 1068 2278 1103 insta
2286 1078 2358 1114 re,
2376 1076 2418 1104 nt

445 1126 628 1158 Terent.
652 1126 685 1157 A
697 1125 731 1157 d.
755 1124 823 1157 111.
845 1123 882 1167 4,
906 1126 962 1157 19.
981 1133 1158 1165 praesens
1174 1126 1282 1168 ades,
1305 1132 1342 1158 et
1359 1126 1456 1158 Liv.
1475 1127 1523 1158 11.
1539 1126 1598 1159 48.
1620 1127 1719 1159 bella
1732 1126 1940 1166 praesentia
1952 1125 2145 1157 instabant.
2190 1124 2291 1163 Quae
2309 1132 2418 1166 quum

445 1179 499 1215 ita
529 1179 622 1223 sint,
652 1178 985 1214 iniuriam-videtur
1008 1180 1157 1215 Latinae
1182 1180 1326 1223 linguae
1343 1181 1479 1215 recisse
1499 1182 1584 1216 We
1595 1180 1704 1214 xius
1727 1180 1765 1213 in
1787 1180 2013 1214 annotatione
2036 1181 2081 1213 ad
2103 1180 2290 1220 Sophoclis
2312 1182 2419 1214 Anti-

445 1243 576 1280 gonam
604 1236 662 1274 (v.
682 1236 806 1278 8060,
828 1242 919 1276 quae
942 1244 1047 1276 quum
1067 1237 1174 1276 plura
1191 1236 1390 1279 contineat,
1415 1244 1506 1277 quae
1527 1236 1646 1269 minus
1669 1240 1769 1269 recte
1792 1235 1958 1268 videntur
1973 1235 2155 1276 disputata
2172 1242 2274 1280 esse,
2297 1240 2419 1272 trans-

446 1293 625 1326 scribetur
651 1292 674 1324 a
696 1296 752 1338 me
774 1291 842 1323 huc
867 1289 1028 1330 integra:
1051 1311 1076 1332 ,‚
1088 1290 1188 1328 Quod
1214 1289 1308 1321 enim
1327 1297 1393 1322 nos
1413 1290 1563 1322 dicimus
1581 1297 1776 1332 praesens,
1801 1289 1838 1320 id
1858 1290 1992 1322 rectius
2009 1296 2047 1322 et
2064 1290 2187 1322 verius
2205 1290 2339 1324 Graeci
2358 1292 2417 1326 ‹11-

446 1353 532 1380 cunt
552 1343 597 1379 13
616 1341 765 1378 ἐνεστώς
786 1345 845 1380 (et
872 1344 927 1374 sie
950 1345 982 1375 h.
1007 1344 1033 1375 l.
1055 1340 1099 1375 τό
1124 1341 1271 1383 tuma)
1292 1344 1317 1374 i.
1344 1353 1377 1375 e.
1401 1344 1440 1375 id
1462 1346 1555 1382 quod
1571 1344 1730 1388 proxime
1747 1344 1907 1381 nquitm-
1922 1350 2063 1382 tempus
2077 1352 2276 1388 premens,
2300 1355 2415 1387 quon.

446 1400 519 1435 iam
544 1397 638 1440 quod
657 1402 747 1427 vere
773 1398 811 1427 et
836 1393 915 1428 iure
939 1401 1113 1435 praesens
1139 1393 1210 1426 dici
1233 1395 1366 1438 possit,
1386 1396 1466 1429 sere
1483 1403 1553 1428 non
1569 1400 1650 1440 est,
1670 1395 1800 1437 quippe
1818 1396 1909 1436 quod
1928 1396 2051 1428 eodem
2069 1397 2238 1438 temporis
2255 1400 2417 1446 articulo,

446 1464 516 1498 quo
533 1454 742 1496 cogitatur,.
764 1455 930 1484 exactum
948 1454 1026 1491 est,
1048 1450 1086 1481 in
1102 1449 1249 1490 eiusque
1270 1453 1387 1484 locum
1405 1452 1440 1485 id
1457 1451 1629 1495 succedit,
1654 1452 1747 1493 quod
1766 1451 1925 1492 proxime
1941 1452 2188 1497 consequitur,
2209 1451 2254 1488 ni
2270 1451 2420 1496 “nn-233

450 1510 513 1553 (τὸ
536 1508 695 1548 ἔπειτα).
741 1507 835 1540 nino
857 1505 1081 1548 grammatici
1100 1505 1231 1539 Graeci
1247 1512 1386 1549 tompus
1409 1517 1582 1549 praesens
1607 1507 1675 1541 rite
1692 1503 1735 1541 τὸ
1752 1502 1898 1542 ἐνεστώς
1913 1513 1950 1539 et
1965 1504 2009 1541 τό
2028 1503 2265 1552 ἐνιστάμενον
2278 1520 2419 1549 nuncu-

448 1564 571 1611 pant.“
617 1566 802 1598 Hactenus
815 1563 986 1597 Wexius.
1031 1564 1080 1595 At
1096 1562 1246 1603 primum
1261 1572 1331 1597 non
1346 1565 1456 1598 facile
1473 1571 1530 1597 est
1547 1565 1732 1596 intellectu
1743 1586 1754 1606 ,
1777 1571 1841 1595 cur
1859 1563 2009 1607 Graeci,
2033 1564 2066 1595 si
2086 1570 2225 1606 tempus
2241 1575 2418 1609 praem

449 1624 719 1664 nuncupassent
743 1619 882 1653 nomine
911 1620 990 1652 eius
1014 1619 1204 1666 temporis,
1234 1622 1324 1663 quod
1341 1620 1499 1663 proxime
1515 1620 1671 1653 succedit
1692 1618 1894 1661 praesent-i,
1918 1628 1982 1653 cur
1996 1619 2105 1661 igitur
2119 1621 2252 1656 idcimo
2268 1628 2416 1665 putandi

450 1684 574 1716 essent
600 1676 724 1709 verius
749 1680 786 1708 et
810 1675 945 1709 rectius
971 1675 1008 1708 in
1032 1676 1098 1710 hac
1122 1684 1163 1709 re
1187 1677 1307 1718 egisse
1338 1678 1404 1723 iis,
1436 1677 1495 1719 qni
1519 1677 1556 1710 id
1581 1676 1672 1717 quod
1701 1682 1758 1708 est
1785 1683 1958 1716 praesens
1981 1684 2050 1709 non
2075 1677 2278 1721 dubitarunt
2305 1682 2414 1718 etim

448 1736 630 1771 nominare
654 1740 841 1773 praesens.
886 1732 1022 1765 Verum
1040 1733 1134 1764 enim
1150 1740 1277 1765 nomen
1293 1733 1495 1774 impositum
1511 1732 1682 1765 videlicet
1697 1732 1731 1764 ei
1748 1731 1838 1774 erit,
1862 1732 1972 1775 quod,
1998 1733 2104 1774 quale
2120 1739 2197 1774 est,
2221 1744 2291 1770 non
2306 1740 2414 1779 quale

449 1793 593 1826 videtur
609 1796 713 1832 esse,
740 1788 962 1830 designatum
982 1792 1049 1820 est.
1096 1787 1231 1820 Deinde
1249 1797 1354 1829 quam
1374 1788 1533 1822 Wexius
1549 1788 1665 1821 voluit
1682 1787 1799 1820 ruisse
1816 1795 1981 1829 causam,
2008 1796 2073 1820 cur
2090 1788 2220 1824 Graeci
2238 1801 2414 1834 praesen-

452 1849 501 1883 tis
528 1844 803 1889 appellationem
827 1843 978 1879 mutuati
1004 1843 1075 1876 sint
1101 1852 1124 1877 a
1145 1848 1321 1888 tempore,
1345 1844 1437 1885 quod
1460 1844 1618 1885 proxime
1636 1848 1807 1885 sequatur
1831 1850 2022 1886 praesens,
2047 1852 2093 1878 ea
2108 1853 2178 1879 non
2195 1853 2312 1887 potest
2326 1859 2415 1891 pro-

452 1907 548 1939 fecto
576 1900 697 1935 haberi
721 1908 785 1941 pro
803 1907 928 1934 causa.
974 1899 1153 1932 Praesens
1170 1899 1283 1944 enim,
1307 1904 1346 1932 ιιι
1363 1907 1473 1942 supra
1488 1899 1809 1934 demonstravimus
1820 1921 1832 1944 ,
1854 1903 1916 1932 aut
1934 1903 2114 1941 tamquam
2127 1908 2296 1943 punctum
2311 1908 2416 1950 cogi.

453 1966 552 1994 tatur
575 1963 637 1991 ant
661 1962 839 1998 tamquam
866 1961 1017 1996 tempus.
1063 1956 1156 1988 Illud
1182 1960 1239 1987 est
1264 1956 1567 1998 philosophorum,
1591 1958 1656 1989 hoc
1674 1956 1771 1988 vitae
1787 1955 1982 1987 communis
1999 1961 2036 1986 et
2052 1957 2165 1998 vulgi.
2209 1960 2415 2004 Philosophi

454 2021 574 2051 autem
590 2013 680 2048 adeo
703 2020 771 2045 non
796 2017 942 2057 curant,
970 2019 1052 2045 nam
1070 2016 1236 2052 punctum
1253 2010 1342 2044 illud
1359 2019 1422 2054 eo,
1445 2019 1513 2052 quo
1529 2013 1718 2053 loquantur
1739 2020 1805 2043 sen
1821 2011 1977 2051 cogitent
1995 2017 2174 2055 tempore,
2194 2023 2284 2048 vere
2302 2019 2414 2053 etiam

457 2072 526 2117 sit,
550 2079 596 2104 an
620 2068 720 2102 aliud
744 2068 814 2102 iam
839 2068 875 2102 in
901 2068 979 2101 eius
997 2066 1369 2112 locum-successerit,
1392 2072 1432 2100 ut
1447 2074 1584 2102 omnem
1600 2066 1738 2102 omnino
1755 2066 1924 2108 temporis
1941 2067 2119 2102 notionem
2138 2079 2244 2112 quam
2258 2075 2414 2110 mine

457 2129 503 2161 ab
522 2134 565 2158 eo
592 2132 798 2158 removeant
819 2132 856 2157 et·
869 2134 1044 2165 nunquam
1062 2132 1151 2156 vere
1168 2128 1311 2156 exstare
1325 2123 1412 2155 illud
1428 2124 1654 2156 contendant.
1698 2123 1811 2164 Vulgi
1828 2128 1946 2156 autem
1962 2131 2134 2164 praesens
2151 2134 2256 2167 quum
2274 2129 2311 2163 in
2326 2131 2415 2166 lati-

439 2182 611 2217 ‘tudinem
636 2182 811 2226 quandam
837 2187 978 2222 pateat,
1000 2181 1037 2212 in
1063 2187 1105 2211 eo
1122 2184 1280 2219 ‘apparet
1300 2179 1424 2218 quaeri
1446 2180 1588 2212 omnino
1614 2188 1684 2212 non
1700 2188 1828 2221 posse,
1851 2186 1916 2209 cur
1933 2186 2001 2216 non
2017 2179 2130 2220 fugax
2146 2182 2236 2215 illud
2255 2193 2415 2220 momen-

459 2244 532 2270 tum
549 2244 743 2278 praesens,
769 2236 833 2268 sed
849 2236 987 2278 potius,
1010 2242 1075 2267 cur
1091 2241 1161 2266 non
1176 2233 1233 2277 id,
1252 2234 1344 2274 qnod
1359 2234 1517 2274 proxime
1534 2234 1580 2268 ab
1596 2241 1639 2267 eo
1655 2233 1842 2275 praeteriit
1854 2255 1865 2275 ‚
1888 2233 1949 2266 vel
1966 2234 2103 2278 potins,
2125 2244 2190 2271 cur
2207 2246 2297 2283 non,
2321 2246 2414 2283 quod

457 2292 632 2333 utrimque
660 2291 695 2324 ei
718 2292 859 2326 adiacet
884 2297 1043 2332 tempus,
1078 2294 1256 2328 tamquam
1280 2296 1454 2328 praesens
1479 2295 1617 2329 tempus
1645 2297 1670 2323 a
1695 2290 1806 2330 vulgo
1831 2289 1895 2320 illo
1924 2289 2161 2330 significatum
2187 2292 2246 2325 sit.
2298 2296 2413 2331 Dein-

458 2350 503 2381 de
526 2356 572 2381 ne
599 2355 725 2381 verum
747 2345 1016 2389 quidemgesse‚
1052 2352 1143 2377 voce
1169 2338 1317 2378 ἐνεστώς
1333 2344 1513 2387 designari
1532 2345 1568 2377 id
1584 2349 1745 2388 tempus,
1768 2345 1860 2386 qnod
1879 2345 2036 2385 proxime
2054 2352 2224 2386 sequatur
2238 2358 2413 2389 praesen-

456 2403 505 2436 tis
526 2408 760 2447 momentum,
783 2407 964 2446 apertum,
986 2401 1114 2445 credo,
1136 2407 1181 2432 ex
1205 2398 1253 2431 iis
1280 2403 1359 2442 est,
1377 2408 1467 2442 quae
1494 2400 1539 2433 de
1560 2408 1649 2435 vera
1675 2401 1778 2434 huius
1796 2399 1898 2432 vocis
1919 2400 2175 2443 significatione
2190 2404 2371 2448 disputan
2388 2417 2413 2444 ι

455 2458 557 2492 nobis
589 2464 673 2489 sunt
695 2463 814 2489 antea.
858 2459 961 2489 lianc
984 2457 1101 2505 ipsam
1120 2460 1239 2488 autem
1265 2454 1297 2487 si
1321 2457 1554 2491 contenderis,
1571 2465 1649 2489 cum
1677 2465 1744 2499 ea,
1777 2465 1880 2498 quam
1904 2459 2005 2490 modo
2029 2460 2277 2503 exposuimus,
2311 2465 2413 2500 vocis

460 2520 691 2556 praesens
713 2510 875 2554 notione,
904 2511 1028 2555 adirei
1058 2511 1197 2550 quidem
1219 2510 1408 2553 veritatem
1429 2518 1592 2543 neutram
1615 2512 1778 2544 invenies
1800 2513 1927 2544 cedere
1948 2513 2053 2546 alteri
2075 2530 2121 2539 -
2144 2521 2294 2558 utraque
2318 2522 2415 2555 enim

461 2568 685 2612 significatur
714 2572 875 2609 tempus,
905 2566 997 2607 quod
1025 2573 1097 2599 nna
1126 2568 1184 2597 est
1211 2571 1294 2597 cum
1327 2572 1391 2609 eo,
1423 2573 1492 2608 quo
1520 2565 1673 2601 maxime
1695 2566 1874 2610 vivimus,
1906 2574 2082 2601 momento
2105 2584 2148 2594 —
2171 2572 2218 2606 aa
2240 2576 2415 2612 sentiendi

465 2631 584 2663 autem
621 2624 696 2657 vim
726 2628 764 2656 et
801 2622 1023 2656 alacritatem
1060 2622 1243 2663 aliquanto
1271 2620 1415 2655 felicius
1445 2623 1554 2656 etiam
1582 2632 1607 2657 a
1633 2624 1805 2657 Romanis
1834 2623 2018 2658 inventum
2046 2633 2129 2658 esse
2161 2637 2415 2679 praesens,

466 2689 572 2725 quam
604 2675 670 2713 τᾶν
698 2674 934 2711 ἐνεστῶτα
962 2673 1094 2722 χρόνον
1114 2685 1139 2711 a
1162 2676 1325 2711 Graecis·
1372 2678 1485 2718 Quam
1507 2679 1656 2721 denique
1678 2681 1837 2716 wexius
1860 2687 1939 2712 cum
1960 2675 2106 2715 ἐνεστώς
2128 2688 2307 2722 contendit
2332 2699 2418 2731 par..

466 2737 615 2771 ticnlam
639 2731 784 2770 ἔπειτα,
810 2741 856 2767 ea
880 2738 1015 2768 tantum
1041 2732 1167 2775 abest,
1198 2739 1239 2766 ιιι
1261 2734 1376 2774 possit
1403 2740 1541 2776 tempus
1569 2744 1743 2776 praesens
1768 2735 1992 2776 siguificare,
2023 2742 2062 2768 ιιι
2089 2738 2178 2772 haee
2205 2741 2287 2783 ipsa
2309 2748 2354 2779 ιι,
2373 2748 2418 2779 fi,

433 2836 440 2842 Ι
463 2795 580 2827 soleat
606 2789 732 2842 opponi
757 2788 837 2822 huic
862 2789 1031 2831 tempori,
1064 2793 1102 2820 ιιι
1129 2788 1210 2821 Pla
1221 2793 1246 2822 t.
1273 2790 1497 2824 Phaedon.
1521 2791 1580 2826 67.
1604 2790 1648 2824 C.
1673 2787 1714 2825 ἓν
1738 2787 1790 2834 τῷ
1816 2787 1880 2825 νῦν
1899 2787 2055 2834 παρόντι
2073 2795 2136 2826 καὶ
2154 2790 2196 2827 ἐν
2214 2796 2266 2842 τῷ
2283 2798 2422 2838 ἔπειτα.

461 2850 599 2882 'thuc-
623 2846 673 2881 11.
704 2845 762 2881 41.
791 2846 866 2883 τοῖς
894 2858 933 2881 τε
964 2841 1026 2879 νῦν
1048 2842 1114 2878 καί
1131 2842 1207 2881 τοῖς
1230 2841 1356 2880 ἔπειτα
1378 2844 1742 2891 θαυμασθησᾶμεθα.
1789 2847 1904 2880 Plat.
1928 2848 2070 2881 Parm.
2094 2857 2128 2890 p.
2148 2849 2246 2897 141„
2274 2857 2331 2890 ubi
2354 2859 2425 2895 tria

1729 2911 1760 2954 2
