2774 3651
1178 267 1612 320 ...23—

338 416 441 447 men
475 400 667 444 Romani
693 399 982 444 'considerata
1016 401 1160 445 futuri
1195 402 1401 454 ratione,
1429 414 1544 459 qnae
1569 400 1746 445 omnino
1772 400 1944 444 ineerta
1971 406 2067 455 est,
2094 401 2292 461 simplici
2317 401 2365 444 in
2391 413 2446 444 eo

338 481 447 516 voce
474 470 666 513 utuntur
692 465 962 514 meamne
988 468 1418 529 spatium'fntnrist
1455 473 1501 514 et
1528 468 1713 515 Macro
1725 466 1859 513 bius
1888 481 1934 527 p.
1959 468 2065 516 ⁷21.
2095 474 2142 514 et
2165 469 2270 516 ⁷22.
2315 465 2447 522 „Illa

335 550 442 581 vero
490 535 664 595 species
707 536 891 595 propria
931 535 1205 583 Graecarum
1247 540 1342 591 est,
1390 536 1510 594 quod
1555 536 1691 581 habet
1728 535 1775 579 in
1814 549 1976 594 genere
2009 536 2191 596 passivo
2226 537 2444 589 futurum,

332 605 454 665 qnod
494 618 589 649 rem
627 604 852 662 significat
887 618 976 649 non
1014 608 1157 652 multo
1191 610 1320 667 post,
1356 603 1437 648 sed
1471 619 1572 650 mox
1600 607 1797 651 futuram
1812 636 1826 660 ‚
1873 609 1927 648 ut
1953 607 2253 663 πεποιῆσομαι,
2296 608 2444 662 γεγρά-

331 678 522 734 woman
547 673 600 730 a)
896 690 902 699 .

463 752 625 810 Itaque
662 747 781 794 haud
819 750 982 796 leviter
1017 749 1218 807 videmus
1260 750 1515 798 Stoicorum
1552 756 1599 796 et
1626 749 1849 797 Varronis
1888 750 2148 796 divisionem
2188 754 2440 811 temporum

330 819 386 863 ab
415 818 743 878 insequentium
773 819 1025 864 seculorum
1053 821 1356 877 grammaticis
1387 822 1664 866 immutatam
1692 820 1851 864 fuisse.
1922 818 2001 863 lui
2028 820 2144 863 enim
2175 819 2357 864 eandem
2392 819 2441 863 in

326 887 545 932 omnibus·
566 886 844 947 temporibus
879 893 1118 948 sequentes
1156 889 1380 949 partiendi
1417 891 1660 945 rationem,
1700 901 1854 933 eorum
1883 888 2074 946 singulis
2104 888 2441 947 assignaverant

326 962 374 1000 et
401 956 610 999 infectam
640 956 857 999 actionem
887 963 935 1001 et
961 959 1227 1015 perfectam,
1259 961 1307 1003 hi
1331 962 1377 1003 in
1403 961 1649 1019 praeterito
1677 963 1850 1002 tantum
1882 959 2098 1000 rationem
2127 959 2252 1000 illam
2282 962 2438 1000 tenen-

326 1029 397 1069 tes
424 1022 554 1086 binas
580 1023 683 1068 linio
714 1024 1002 1082 assignabant
1030 1026 1226 1071 actiones
1255 1029 1507 1086 perfectas,
1536 1043 1669 1072 unam
1698 1027 1932 1079 infectam,
1963 1040 2015 1069 ex
2045 1026 2233 1084 reliquis
2261 1023 2436 1069 duobus

329 1107 543 1150 praesens
572 1092 747 1137 omniuo
776 1107 864 1136 non
895 1092 1174 1149 dividebant,
1211 1095 1413 1140 futurum
1443 1097 1492 1140 in
1520 1097 1674 1156 paullo
1703 1100 1810 1154 post
1836 1094 2037 1137 futurum
2068 1100 2115 1137 et
2144 1094 2335 1152 simplex
2362 1092 2437 1136 vel

326 1158 371 1202 in
400 1159 576 1204 finitum
612 1166 659 1204 et
690 1160 929 1205 infinitum.
994 1161 1180 1206 Inventa
1211 1168 1357 1206 autem
1395 1163 1504 1207 haee
1533 1177 1648 1207 nova
1675 1161 1860 1214 divisio,
1893 1167 1945 1204 ut
1972 1162 2060 1204 iam
2093 1176 2231 1220 supra
2261 1159 2433 1205 monui·

249 1279 251 1281 ,
323 1241 450 1276 mus,
488 1227 545 1270 ab
574 1227 900 1272 Alexandrinis
928 1228 1176 1273 hereditate
1201 1230 1332 1285 quasi
1362 1229 1420 1271 ab
1449 1230 1507 1272 iis
1533 1228 1799 1272 transmissa
1828 1231 1928 1270 erat
1952 1226 2009 1270 ad
2036 1227 2337 1281 Byzantinos,
2365 1225 2434 1269 lii·

325 1307 435 1351 que,
474 1308 610 1352 quum
652 1299 812 1353 partim
844 1301 1003 1354 sponte
1031 1308 1113 1338 sua
1141 1295 1306 1352 partim
1337 1309 1560 1340 armorum
1590 1294 1868 1340 vi·eedentes
1898 1294 2191 1352 reliquissent
2221 1294 2430 1352 patriam,

317 1362 538 1418 integram
564 1375 673 1406 >eam
709 1368 845 1418 atque
883 1364 1094 1408 intactam
1123 1362 1421 1408 tradiderunt·
1435 1363 1546 1408 viris
1573 1362 1920 1417 inanibusque,
1956 1363 2034 1417 qui
2064 1367 2320 1406 renatarum
2349 1360 2429 1405 lit·

319 1433 519 1471 terarum
555 1438 706 1470 amore
742 1425 867 1471 ducti
902 1440 956 1471 ex
992 1424 1196 1471 omnibus
1223 1424 1432 1486 Europae
1460 1427 1667 1486 partibus
1703 1425 1983 1471 confluebant
2012 1428 2057 1471 in
2085 1426 2283 1474 Italiam.
2339 1426 2430 1473 His

319 1500 491 1547 tamen,
532 1506 723 1551 quorum
762 1494 975 1539 iudicium
1015 1494 1206 1538 nondum
1243 1495 1505 1540 inveteratis
1546 1494 1776 1539 doctrinae
1815 1494 2097 1553 opinionibus
2138 1501 2238 1539 erat
2274 1507 2431 1538 corru-

325 1565 476 1619 ptum,
516 1574 602 1603 non
641 1560 718 1605 diu
753 1563 955 1621 profecto
991 1562 1141 1622 potuit
1176 1576 1329 1606 eorum
1365 1564 1484 1607 ratio
1514 1563 1634 1610 omni
1662 1577 1767 1607 vera
1795 1562 1968 1605 ratione
1999 1561 2216 1606 destituta
2244 1561 2429 1606 satisfa-

321 1643 437 1673 eere.
500 1627 825 1674 Guilelmus
856 1629 1141 1675 Groeinus
1171 1635 1293 1675 certe
1322 1630 1674 1685 Britannus,
1702 1631 1780 1688 qui
1807 1629 2135 1688 Chalcondylae
2162 1630 2327 1674 scholis
2355 1630 2426 1672 in·

321 1697 539 1739 terfuerat
572 1695 851 1751 Florentiae,
897 1711 1033 1756 quum
1076 1698 1120 1740 in
1161 1689 1373 1755 patriam'
1391 1712 1599 1741 reversus
1640 1697 1819 1757 publice
1859 1696 2040 1741 doceret
2078 1699 2257 1741 litteras
2299 1696 2422 1740 Oxo·

319 1763 439 1814 niae,
458 1761 540 1816 *ἢ
566 1774 653 1807 non
683 1764 930 1817 dubitavit,
958 1768 1111 1822 spreta
1141 1765 1445 1822 praeceptoris
1475 1765 1677 1809 doctrina
1705 1770 1979 1823 temporum,
2009 1765 2065 1809 ad
2092 1766 2296 1824 puriores
2320 1763 2421 1807 red-

318 1832 384 1875 ire
419 1829 565 1875 fontes
599 1828 790 1891 indeque
820 1830 1073 1878 Stoicorum
1113 1836 1160 1877 et
1188 1830 1409 1877 Varronis
1437 1833 1679 1887 rationem,
1723 1834 1827 1892 plus
1857 1848 1987 1892 quam
2017 1834 2212 1891 quinque
2239 1847 2321 1892 per
2348 1845 2421 1877 se·

383 2056 421 2098 *J
456 2057 637 2101 Insignius
662 2055 771 2090 etiam
800 2056 1110 2098 grammaticorum
1134 2055 1338 2089 Latinorum
1369 2055 1622 2098 incogitantiae
1651 2054 1832 2097 specimen
1858 2056 1967 2090 babes
1993 2056 2028 2089 in
2051 2057 2208 2098 Corpore
2231 2062 2419 2098 grammat.

448 2113 528 2147 Lat.
550 2122 574 2147 a
591 2113 831 2146 Lindemanno
850 2114 944 2146 edito
969 2118 1051 2146 tom.
1071 2113 1100 2144 1.
1124 2121 1158 2153 p.
1179 2114 1281 2157 313„
1307 2112 1366 2144 ubi
1381 2113 1471 2145 baec
1489 2113 1656 2154 leguntur
1672 2112 1786 2144 verba
1806 2111 1844 2143 iu
1866 2113 1958 2153 Asp
1972 2113 2040 2144 eri
2064 2119 2141 2145 arte
2164 2113 2418 2154 grammatica:

450 2168 614 2213 „Futuri
630 2171 763 2211 gradus
781 2175 863 2203 suut
879 2171 968 2203 duo:
993 2167 1192 2210 perrectum
1206 2173 1244 2201 ut
1270 2169 1441 2210 legam,
1463 2167 1875 2210 plusquamperfectum,
1898 2174 1938 2200 ut
1960 2166 2214 2208 legeram;⁶‘
2247 2169 2375 2208 quibus
2393 2175 2417 2202 a

450 2223 693 2259 Lindemanuo
709 2227 800 2259 baec
814 2224 936 2258 addita
954 2228 1016 2262 est,
1028 2223 1229 2256 annotatio:
1253 2224 1391 2267 „Totus
1406 2216 1463 2256 nic
1480 2223 1584 2255 locus
1599 2221 1757 2255 accessit
1775 2222 1887 2254 ecod.
1900 2222 1967 2254 Go.
1996 2225 2076 2256 Non
2092 2222 2247 2266 memini,
2266 2230 2416 2265 usquam

448 2279 534 2311 alibi
561 2279 614 2311 sic
639 2279 820 2322 appellari
843 2280 1003 2311 futurum
1027 2278 1230 2318 simplex
1262 2283 1307 2310 et
1334 2274 1597 2312 exactum.“
1642 2276 1777 2319 Cred03
1809 2282 1866 2309 est
1888 2277 1983 2310 enim
2011 2277 2077 2311 ilia
2101 2285 2279 2319 perversa
2305 2278 2412 2319 plane

444 2340 480 2367 et
504 2343 528 2368 a
559 2340 689 2369 natura
716 2336 838 2368 borum
865 2341 1061 2376 temporum
1089 2341 1238 2375 prorsus
1263 2334 1383 2368 aliena
1410 2332 1628 2376 appellatio,
1663 2342 1754 2374 quae
1778 2340 1849 2366 non
1871 2333 1985 2374 potuit
2001 2334 2071 2367 nisi
2087 2335 2133 2367 ab
2151 2335 2269 2375 inepto
2290 2335 2410 2375 aliquo

450 2389 633 2431 proficisci
669 2388 924 2432 grammatico,
965 2389 1025 2431 qui
1060 2390 1197 2423 nnllam
1220 2396 1288 2420 nec
1313 2388 1521 2429 quantitatis
1544 2396 1612 2422 nec
1639 2387 1910 2431 significationis
1936 2389 1972 2421 iu
1996 2390 2216 2431 temporibus
2237 2390 2412 2424 rationem

442 2445 599 2489 babens,
627 2446 741 2478 solam
758 2449 944 2478 externam
967 2447 1167 2480 litterarum
1192 2444 1458 2477 similitudinem
1475 2446 1708 2487 spectaverit.
1755 2446 1895 2488 Quare,
1918 2454 2025 2487 quum
2044 2446 2183 2486 reliqua
2200 2446 2302 2479 buius
2319 2447 2411 2479 artis

444 2506 641 2543 praecepta
666 2499 738 2533 sint
763 2499 854 2533 satis
883 2501 1078 2542 prudenter
1103 2502 1149 2536 ab
1168 2502 1312 2543 Aspero
1333 2501 1465 2536 tradita
1483 2507 1520 2534 et
1536 2502 1672 2537 formae
1688 2507 1880 2543 praeterea
1895 2500 2006 2536 futuri
2028 2501 2145 2535 exact-i
2162 2501 2261 2536 illius
2274 2508 2409 2548 aetate,

443 2562 482 2589 ut
507 2558 608 2590 modo
633 2558 872 2599 ostendimuS,
904 2565 974 2589 non
998 2557 1183 2591 indicativi
1207 2558 1270 2589 sed
1290 2558 1508 2591 coniunctivi
1528 2557 1744 2599 temporibus
1759 2563 2013 2591 annumeratae
2031 2558 2125 2603 sint,
2152 2559 2298 2603 melius,
2325 2568 2409 2593 cre-

441 2614 508 2658 do,
541 2614 693 2647 fecisset
721 2613 1003 2658 Lindemanuus‚
1038 2614 1070 2646 si
1091 2621 1161 2646 non
1188 2614 1352 2647 continuo
1379 2616 1467 2648 haec
1492 2615 1606 2648 verba
1632 2622 1676 2646 ex
1701 2620 1771 2646 uno
1795 2613 1859 2646 illo
1875 2612 1965 2647 libro
1985 2614 2145 2655 Gothano
2163 2615 2199 2648 in
2217 2617 2407 2651 verborum

441 2670 548 2704 etiam
572 2670 728 2709 ordinem
752 2669 972 2714 recepisset,
998 2671 1061 2703 sed
1079 2675 1256 2711 tamquam
1274 2670 1450 2705 insulsum
1468 2671 1590 2705 nescio
1606 2671 1709 2705 cuius
1726 2669 1950 2713 grammatici
1967 2669 2243 2706 additamentum
2257 2673 2295 2707 in
2312 2674 2406 2707 scri-

444 2733 571 2768 pturae
590 2726 708 2769 potius
730 2725 944 2759 varietatem
960 2726 1202 2760 amandasset.

375 2801 431 2843 ⁸⁶)
454 2800 510 2835 Cf.
537 2811 630 2845 quae
656 2803 699 2836 de
716 2800 892 2855 Grocino,
922 2810 969 2835 ex
987 2800 1245 2843 antiquioribus
1262 2800 1498 2844 scriptoribus
1516 2786 1663 2848 bansta,
1686 2807 1877 2838 narrantur
1895 2808 1932 2836 et
1947 2811 1971 2836 a
1993 2804 2235 2839 Boernero
2259 2805 2297 2839 in
2316 2806 2404 2840 libro

440 2857 631 2892 utilissimo
658 2859 702 2891 de
726 2857 842 2891 doctis
868 2857 1066 2891 hominibus
1087 2857 1149 2892 Gr.
1169 2858 1371 2893 litterarum
1390 2858 1454 2893 Gr.
1473 2858 1510 2892 in
1529 2860 1640 2894 ltalia
1653 2859 1957 2893 restauratoribus
1982 2869 2017 2901 p.
2038 2859 2141 2905 184„
2163 2868 2200 2895 et
2218 2863 2263 2896 ab
2286 2863 2405 2897 liar-

438 2911 559 2946 risio
584 2914 620 2947 in
637 2914 769 2948 llerme
795 2924 830 2956 p.
849 2914 929 2948 106.
