2774 3651
1198 270 1591 321 -7—

340 408 513 461 ἐνεστιὸς
540 409 690 466 χρόνος
715 408 983 451 momentum
1012 407 1060 448 et
1086 398 1263 465 tempus
1292 403 1340 447 in
1364 403 1586 448 communi
1608 400 1755 447 futuri
1783 402 1830 445 et
1850 400 2085 460 praeteriti
2099 397 2292 448 termino
2310 394 2444 457 quui

336 477 552 526 insistens
581 491 662 522 seu
690 475 888 531 instans,
924 472 991 519 ita
1019 479 1193 529 tamen,
1227 476 1282 517 ut
1308 477 1577 517 momentum
1604 469 1721 517 illud
1745 482 1969 529 nunquam
1998 469 2183 515 excedat
2204 470 2324 514 hune
2348 471 2445 513 ter·

337 547 533 599 minum,
568 551 746 606 tempus
784 548 933 589 autem
968 541 1017 587 iu
1061 545 1297 600 utramque
1327 546 1501 601 partem
1537 542 1596 586 ab
1633 555 1686 586 eo
1714 540 1797 585 hoe
1826 536 1958 583 modo
1986 543 2164 597 pateat,
2202 542 2256 582 ut
2282 542 2330 581 et
2353 551 2441 596 pro

335 615 627 663 fundamento
662 613 794 659 illum
833 610 1146 670 habena-‘quo
1183 610 1377 665 nitatur,
1414 613 1462 655 et
1499 622 1585 670 pro
1622 609 1800 656 viuculo
1828 606 1993 661 simul,
2026 619 2117 665 quo
2145 604 2441 653 contineatur.

338 684 531 731 Romani
572 685 722 728 autem
761 679 965 745 quamvis
1008 677 1285 723 Graecorum
1323 678 1525 722 ἓνεστῶτα
1566 676 1625 722 ad
1650 675 1835 722 verbum
1876 674 2182 733 expresserint
2208 674 2442 720 instans

337 757 584 813 tempus,
624 750 680 792 ab
719 749 810 792 alia
844 752 993 791 tamen
1030 746 1077 789 in
1106 759 1183 799 eo,
1225 749 1358 805 atque
1393 745 1581 801 Graeci,
1618 742 1846 805 cogitandi
1882 744 2058 789 ratione
2097 742 2290 803 profecti
2324 743 2447 787 sunt.

338 820 521 864 lustaus
555 819 674 861 enim
718 816 956 858 manifesto
994 814 1053 857 iis
1090 817 1163 856 est
1199 817 1378 872 tempus
1416 827 1443 856 a
1480 813 1708 871 praesenti
1746 816 1967 855 momento
1996 812 2198 857 futurum
2227 808 2445 871 proxime,

336 888 472 946 inque
490 888 639 945 ipsum
656 885 740 928 hoc
756 896 969 941 praesens
993 884 1262 924 momentum
1281 896 1361 924 seu
1380 882 1531 940 potius
1551 886 1829 945 praesentem
1848 880 2066 924 hominem
2085 880 2217 939 quasi
2232 880 2448 936 ingruens

339 962 474 1012 atque
502 954 715 1000 insistens
735 952 806 1006 ¹³¹).
865 949 1050 995 Scilicet
1080 964 1339 1006 expressum
1368 950 1415 994 iu
1443 951 1526 994 hae
1554 948 1731 993 diversa
1760 947 1985 1005 cogitandi
2014 950 2187 993 ratione
2216 948 2445 992 diversum

336 1020 478 1066 habes
505 1020 741 1079 utriusque
772 1018 919 1076 gentis
947 1017 1190 1075 ingenium.
1247 1016 1519 1063 Graecorum
1549 1017 1665 1061 enim
1695 1017 1813 1060 ratio
1840 1032 1894 1060 ex
1919 1017 2064 1075 ipsius
2093 1022 2164 1061 est
2181 1016 2249 1059 rei
2267 1019 2446 1063 natura,

336 1088 640 1136 Romanorum
690 1102 744 1132 ex
788 1086 909 1133 vitae
949 1100 1037 1132 usu
1077 1087 1247 1147 petita,
1286 1086 1369 1130 illa
1404 1090 1477 1132 est
1511 1085 1658 1144 gentis
1692 1084 2009 1144 philosophae,
2052 1085 2161 1130 haec
2198 1081 2345 1144 gentis
2386 1077 2446 1124 ad

404 1280 449 1323 ²⁶²)
480 1284 559 1317 1100
590 1287 711 1315 autem
748 1288 839 1313 vere
873 1280 969 1311 inter
993 1273 1232 1309 zuene-7«-
1267 1273 1444 1319 χρᾶνσν
1485 1282 1522 1308 et
1552 1277 1739 1309 instans
1771 1281 1959 1316 tempus
1994 1275 2188 1309 discrimen
2218 1271 2449 1308 coustitutum

472 1346 580 1382 esse,
604 1345 651 1371 ex
675 1333 855 1369 constanti
882 1336 1031 1375 apparet
1054 1336 1091 1365 et
1118 1331 1340 1366 Graecorum
1362 1335 1400 1365 et
1415 1331 1653 1366 Romanorum
1669 1330 1835 1373 loquendi
1850 1332 2129 1375 consuetudine,
2152 1339 2224 1373 qua
2240 1327 2449 1371 §vennat-

475 1397 619 1429 semper
644 1388 776 1418 dieitur
799 1391 846 1417 ea
867 1392 930 1416 res
941 1404 952 1425 ‚
984 1389 1077 1422 quae
1094 1389 1184 1414 vere
1197 1381 1271 1415 iam
1288 1384 1392 1415 adest
1406 1389 1450 1414 eo
1466 1387 1647 1425 tempore,
1670 1383 1715 1414 de
1731 1388 1801 1423 quo
1817 1381 1898 1423 quis
1915 1383 2072 1424 loquitur
2082 1405 2095 1427 ,
2120 1383 2166 1415 in
2176 1390 2194 1414 s
2205 1386 2313 1416 tans
2329 1386 2448 1416 autem
2466 1385 2476 1389 “

475 1453 617 1486 semper
640 1451 707 1485 ea,
741 1448 833 1482 quae
857 1446 962 1480 quam
985 1436 1148 1478 proxima
1170 1444 1229 1471 est
1250 1437 1306 1470 ini
1330 1438 1480 1479 tempori
1505 1443 1542 1470 et
1563 1438 1668 1480 quasi
1691 1437 1763 1471 iam
1780 1442 1886 1479 urget
1904 1437 2110 1472 illnd.1ta
2133 1438 2294 1472 Herod.
2316 1436 2348 1470 1.
2369 1436 2450 1471 120.

474 1502 543 1538 cim
576 1496 608 1535 δ’
632 1491 912 1532 ἐνεστεῶτος
936 1489 1126 1538 βασιλῆος,
1153 1499 1189 1527 te
1213 1493 1405 1527 constituto
1432 1494 1504 1528 iam
1526 1502 1612 1535 rege
1642 1492 1668 1526 i.
1692 1501 1732 1526 e.
1748 1498 1786 1526 te
1806 1500 1991 1536 regnante.
2036 1496 2144 1529 xen.
2166 1495 2285 1528 Hist-
2310 1493 2374 1527 Gr.
2398 1493 2448 1527 Π.

476 1562 516 1604 1,
538 1557 573 1593 5.
605 1555 689 1598 περὶ
718 1547 794 1586 τῶν
815 1544 1149 1592 ι’νιστηκότσιν
1171 1545 1421 1613 πραγμάτων,
1454 1552 1499 1583 de
1523 1549 1706 1591 praesenti
1729 1557 1849 1583 rerum
1867 1557 1976 1585 statu.
2022 1552 2147 1585 Dion.
2168 1551 2320 1586 Halic.
2344 1550 2375 1584 1.
2392 1549 2451 1584 71.

479 1612 638 1655 κτίζουσι
653 1603 806 1650 Ῥώμην
821 1600 957 1640 ἕπονθ’
938 1616 1009 1639 ενι
1021 1603 1196 1642 στῶτσς
1211 1601 1358 1651 πρῶτον
1373 1602 1436 1649 τῆς
1459 1602 1613 1650 ἑβδομῆς
1628 1601 1883 1648 Ὀλυμπιάδος,
1906 1607 1992 1640 inito
2012 1607 2082 1641 iam
2099 1607 2212 1648 primo
2222 1605 2450 1648 Olympiadis

482 1668 784 1710 septimaeanuo,
809 1660 971 1702 idemque
989 1666 1064 1694 est
1079 1670 1194 1695 usus
1212 1661 1395 1695 aoristi
1416 1661 1585 1706 secundi,
1608 1662 1894 1695 utDemostb.
1914 1664 1965 1695 de
1991 1671 2083 1695 cor.
2101 1671 2134 1703 p
2155 1662 2235 1696 255.
2253 1663 2297 1695 Β.
2316 1664 2369 1703 (p.
2386 1660 2445 1695 84.

482 1722 641 1761 Wund.)
660 1714 681 1753 ὅ
703 1712 872 1753 ἐνοπάς
892 1712 1068 1759 πόλεμος.
1091 1717 1184 1759 quod
1203 1725 1228 1751 a
1241 1717 1391 1751 Beiskio
1414 1717 1452 1751 in
1471 1718 1588 1751 indice
1605 1718 1697 1751 satis
1712 1717 1876 1759 ambigue
1895 1726 2110 1751 conversum
2125 1718 2316 1752 instans
2342 1718 2446 1750 bel-

480 1782 587 1823 lum,
610 1773 816 1811 accuratius
835 1774 881 1808 ab
892 1773 937 1807 11.
947 1772 1086 1807 Wolfio
1103 1780 1314 1814 expressum
1329 1778 1408 1807 est:
1432 1773 1523 1815 quod
1539 1773 1671 1808 benun
1684 1781 1759 1809 tum
1772 1775 1974 1817 gerebatur.
1999 1775 2097 1808 idern
2115 1784 2149 1816 p.
2165 1773 2269 1818 1466,
2287 1776 2344 1808 21.
2366 1774 2452 1817 mel

482 1828 532 1869 ὧν
548 1830 595 1867 ἂν
609 1827 718 1878 ἐνστῇ
735 1826 911 1872 πόλεμος,
932 1832 1078 1869 propter
1094 1836 1184 1868 quas
1200 1836 1263 1861 res
1284 1829 1414 1862 bellum
1433 1830 1514 1863 erit.
1545 1831 1675 1864 Dion.
1691 1831 1840 1864 Halic.
1858 1831 1906 1873 x,
1924 1829 1981 1862 59.
2017 1831 2077 1862 Bu
2089 1831 2230 1862 daeus
2249 1830 2446 1863 comment.

480 1890 568 1933 ling.
599 1887 662 1922 Gr.
678 1896 714 1929 p.
733 1886 814 1920 131.
860 1884 939 1919 Iam
963 1890 1054 1917 vero
1082 1882 1114 1916 si
1133 1882 1420 1918 consideraveris
1445 1885 1689 1930 loquutiones‚
1722 1886 1760 1919 iu
1777 1886 1904 1928 quibus
1921 1885 2071 1919 Romani
2098 1887 2163 1918 hoc
2179 1887 2372 1920 utebantur
2388 1886 2446 1920 iu-

482 1943 602 1979 standi
623 1942 820 1986 vocabulo,
851 1941 889 1973 in
907 1939 1068 1972 omnibus
1093 1946 1170 1971 rem
1193 1939 1333 1973 videbis
1349 1940 1566 1985 significari,
1591 1950 1683 1983 quae
1701 1949 1772 1976 nou
1789 1950 1875 1975 vere
1893 1941 1964 1975 iam
1983 1941 2086 1974 adest
2105 1942 2168 1974 sed
2184 1943 2343 1975 imminet
2362 1949 2445 1977 tan·

477 2008 553 2035 tunt
576 2004 612 2033 et
636 1996 782 2040 ingruit.
827 1995 882 2029 lta
904 1992 1074 2028 Cicero
1099 1994 1215 2029 Phil.
1238 1996 1305 2030 xl.
1331 1996 1385 2029 10.
1408 1997 1445 2029 id
1467 1997 1620 2042 bellum,
1652 1998 1744 2039 quod
1770 1997 1956 2039 superiore
1983 1997 2038 2029 die
2058 1997 2241 2032 decretum
2259 2004 2340 2033 erat
2358 2007 2447 2033 con-

476 2064 535 2091 tra
557 2056 783 2089 Dolabellam
804 2052 1017 2095 gerendum,
1048 2051 1207 2085 nominat
1231 2052 1422 2086 instans
1448 2053 1600 2094 bellum3
1630 2053 1724 2086 idem
1750 2053 1846 2087 Cat.
1876 2054 1923 2085 11.
1944 2052 1977 2086 5.
2011 2055 2186 2095 „Quibus
2214 2062 2281 2095 ego
2307 2055 2445 2087 confido

477 2111 678 2155 impendere
703 2110 819 2145 fatum
843 2105 1005 2149 aliquod:
1036 2110 1073 2138 et
1094 2114 1227 2148 poenas
1253 2106 1326 2142 iam
1352 2106 1411 2141 diu
1437 2107 1652 2149 improbitati
1668 2117 1790 2144 eorum
1808 2110 1948 2142 debitas
1965 2116 2026 2142 aut
2043 2109 2231 2145 inst-are
2250 2112 2321 2144 iam
2337 2112 2444 2152 plane

475 2173 538 2203 aut
566 2172 664 2201 certe
690 2165 763 2199 iam
790 2159 1108 2205 appropinquarc“
1132 2163 1157 2197 i.
1183 2172 1218 2196 e.
1243 2169 1305 2197 aut
1332 2171 1441 2206 prope
1469 2164 1542 2197 iam
1567 2166 1741 2199 accedere
1768 2169 1803 2199 et
1829 2166 1994 2207 vestigiis
2016 2165 2118 2207 quasi
2136 2168 2446 2202 eoruminsistere

474 2229 538 2259 aut
547 2229 647 2257 certe
665 2230 737 2255 non
753 2222 859 2261 longe
880 2219 1023 2252 abesse.
1045 2220 1170 2252 Potest
1186 2221 1295 2263 igitur
1311 2220 1391 2254 huic
1409 2221 1519 2253 verbo
1536 2222 1644 2255 etiam
1660 2222 1766 2255 adiici
1783 2222 1991 2254 adverbium
2010 2228 2175 2267 prope,
2200 2228 2239 2255 ut
2259 2224 2373 2256 'rere
2384 2232 2406 2256 n
2419 2229 2443 2255 t.

476 2279 545 2315 Ad.
564 2277 633 2313 111.
657 2278 693 2321 2,
715 2276 749 2311 5.
773 2280 902 2318 partus
926 2274 1084 2310 instabat
1100 2284 1230 2321 prope,
1252 2277 1288 2309 id
1308 2278 1400 2318 quod
1419 2277 1456 2309 in
1475 2278 1584 2310 verbo
1603 2273 1791 2311 ἐνιστάναι
1806 2278 1886 2309 fieri
1902 2279 2002 2310 nullo
2022 2284 2147 2321 pacto,
2173 2280 2205 2311 si
2226 2279 2309 2319 quid
2328 2281 2442 2322 video,

474 2339 603 2378 potest.
624 2347 672 2357 -
716 2330 869 2365 Accedit
895 2331 964 2365 buc
991 2336 1155 2365 veterum
1179 2332 1400 2367 Graecorum
1425 2333 1735 2375 grammaticorum
1760 2332 2021 2374 testimonium,
2054 2343 2078 2368 a
2096 2332 2222 2374 quibus
2239 2341 2445 2368 constanter

474 2386 526 2432 caii
549 2384 717 2423 ἐνεστῶτι
735 2383 850 2431 χρόνῳ
872 2386 1043 2420 tribuitur
1066 2388 1205 2431 standi,
1235 2397 1425 2429 numquam
1449 2389 1604 2422 instandi
1630 2397 1695 2422 seu
1724 2388 1925 2422 imminendi
1944 2390 2169 2430 significatio.
2215 2390 2272 2423 lta
2285 2398 2375 2422 uuus
2394 2398 2440 2423 ex

472 2444 574 2479 Dion.
589 2445 716 2478 Thrac.
735 2442 988 2483 interpretibus
1007 2442 1043 2475 in
1061 2443 1174 2477 Bekk.
1193 2445 1352 2477 Anecdd.
1370 2445 1419 2477 11.
1441 2454 1476 2485 p.
1497 2444 1579 2480 888.
1602 2453 1627 2478 a
1646 2444 1886 2486 philosophis,
1910 2444 2033 2485 inquit,
2058 2446 2192 2478 nullum
2211 2454 2293 2477 esse
2310 2442 2439 2487 χρόνον

471 2495 666 2535 ermom,
687 2495 923 2530 demonstrari
946 2498 1064 2532 solere
1090 2498 1161 2532 ita:
1182 2492 1219 2532 εἰ
1240 2493 1263 2533 ὅ
1286 2494 1397 2534 πόλοι
1413 2494 1622 2541 κινσιῖμινσς
1644 2496 1712 2534 τὼν
1732 2495 1865 2543 κρόνου
1882 2493 2137 2542 «inseruitum,
2156 2496 2197 2532 ἐν
2214 2495 2382 2542 ἀκινησίᾳ
2401 2497 2440 2534 δι’

474 2547 579 2597 οὗτος
603 2548 659 2587 ἀεὶ
687 2553 748 2584 καὶ
770 2548 1020 2584 ἐνίσταται
1045 2548 1236 2589 cnidda-on,
1263 2548 1329 2586 σῦκ
1357 2549 1455 2585 ὄπιν
1481 2548 1554 2595 ἄρα
1583 2549 1808 2590 ἐνεστώς.
1831 2553 1891 2585 ubi
1917 2558 2035 2586 tamen
2052 2558 2090 2585 et
2109 2555 2288 2589 sententia
2303 2560 2339 2588 et
2358 2557 2441 2589 Ste-

476 2608 603 2652 phani,
627 2616 717 2650 quae
747 2607 870 2649 paullo
898 2612 978 2649 post
1004 2608 1182 2652 sequitur,
1215 2608 1397 2642 annotatio
1419 2615 1484 2649 pro
1503 2603 1672 2652 ιῖκινησίφ
1698 2607 1853 2641 ostendit
1872 2608 2060 2651 legendum
2085 2617 2168 2643 esse
2186 2606 2337 2654 κινήσει.
2384 2611 2440 2645 Cf.

475 2665 692 2698 Choeroh.
724 2664 772 2696 ib.
805 2664 874 2696 111.
907 2673 942 2705 p.
972 2662 1075 2695 1280.
1121 2663 1222 2702 Quod
1256 2664 1364 2706 igitur
1395 2664 1599 2697 Ursinus
1631 2664 1668 2696 in
1699 2663 1827 2697 institt.
1849 2665 1938 2705 ling.
1961 2666 2003 2696 L.
2024 2665 2054 2696 1.
2077 2674 2114 2705 p.
2140 2666 2221 2700 535.
2245 2669 2438 2713 contendit,

473 2720 614 2754 instans
631 2726 770 2761 tempus
787 2717 985 2763 dici,-quia
1002 2723 1093 2761 stet,
1119 2718 1294 2753 consistat
1311 2719 1348 2752 in
1363 2728 1404 2752 se
1420 2720 1500 2752 sive
1515 2719 1552 2752 in
1569 2720 1754 2759 praesenti
1769 2725 1967 2764 momento,
1993 2720 2029 2752 id
2046 2726 2143 2760 patet
2162 2722 2200 2755 in
2217 2723 2440 2758 Graecorum

475 2774 615 2817 quidem
634 2770 830 2812 ἐνεστῶτα.
859 2782 931 2807 nou
949 2781 1036 2807 vero
1060 2774 1097 2807 in
1120 2775 1330 2809 Latinorum
1346 2776 1476 2809 cadere
1494 2775 1632 2808 instans
1649 2779 1809 2820 tempus,
1832 2783 1946 2817 neque
1967 2781 2023 2808 est
2040 2775 2149 2818 igitur
2166 2779 2331 2824 dubium,
2354 2780 2438 2822 quin

473 2831 750 2865 Marcianus
775 2829 971 2872 Capella
991 2830 1106 2873 magis
1129 2839 1194 2875 ea,
1217 2840 1324 2873 quam
1345 2830 1462 2865 animo
1481 2831 1692 2872 impressam
1714 2831 1884 2876 habebat,
1917 2832 2121 2873 praesentis
2147 2835 2311 2880 notione,
2334 2844 2439 2878 quam

473 2886 589 2928 ipsius
610 2887 714 2921 vocis
736 2887 926 2920 instans
950 2886 1207 2927 significatione
1231 2888 1379 2932 ductus,
1403 2893 1543 2928 tempus
1566 2895 1760 2930 praeseus,
1783 2893 1823 2920 ut
1845 2888 1938 2923 idem
1961 2890 2024 2923 ille
2049 2890 2203 2926 Ursinus
2226 2898 2438 2927 commemo-

473 2948 551 2987 rat,
583 2941 818 2978 nominaverit
848 2946 1059 2977 exstans.
