2774 3651
1167 277 1565 325 ...g—-

314 409 531 470 agendum
568 410 807 467 promptae
847 421 900 451 ae
940 410 1163 452 strenuae.
1220 405 1398 450 Etenim
1440 410 1620 466 tempus
1657 419 1870 467 praesens
1908 410 1980 452 est
2014 406 2087 462 id,
2125 412 2214 468 qno
2244 408 2427 465 vivitur,

313 485 505 537 tempus.
568 473 725 533 Quum
763 477 913 520 autem
949 488 1002 519 ex
1040 473 1214 519 duabus
1251 473 1449 518 universi
1478 476 1695 535 temporis
1723 473 1931 535 partibus
1958 473 2204 521 videri-us
2236 478 2425 522 alteram

309 547 399 591 ism
428 543 747 603 praeteriisse,
781 543 968 587 alteram
998 539 1175 585 demum
1204 541 1374 586 instare
1402 541 1531 586 nohis
1561 547 1698 601 atque
1729 540 1941 587 accedere
1955 572 1969 595 ,
1996 540 2110 586 hane
2130 545 2430 602 posteriorem

312 617 462 658 autem
500 615 656 671 pateat
694 610 832 656 vitam
863 608 996 668 quasi
1021 608 1152 654 nobis
1182 613 1230 653 et
1257 607 1419 668 agendi
1445 613 1718 670 potestatem
1747 608 2006 670 porrigere,
2040 624 2139 655 eam
2165 610 2310 670 ipsam
2339 611 2433 657 Ro·

313 681 434 727 mani
459 694 542 739 pro
570 693 674 724 vere
704 679 956 723 habuerunt
984 678 1214 736 praesenti
1241 682 1288 721 et
1315 678 1414 722 eius
1443 682 1649 722 naturam
1679 691 1936 737 expressam
1966 678 2102 723 etiam
2131 679 2370 724 voluerunt
2387 680 2434 724 in

315 764 369 795 eo
381 779 398 802 ,
443 745 564 807 qnod
601 746 889 807 imponebant
923 745 1155 807 praesenti
1190 747 1412 806 tempori,
1450 747 1644 792 nomine.
1702 744 1830 791 Usus
1868 750 2017 791 antem
2044 746 2127 791 hoc
2159 747 2336 792 nomine
2363 751 2437 792 cst

312 832 366 860 ex
396 817 482 867 iis,
517 816 597 875 qui
621 814 679 858 ad
711 820 911 858 nostram
951 814 1208 857 memoriam
1248 820 1507 858 manserunt
1541 814 1841 873 scriptoribus
1867 814 2047 857 Latinis
2082 815 2282 873 primus,
2315 815 2437 874 quod

313 887 476 940 sciam,
504 884 823 928 Lucretius
853 882 1061 937 Carus,
1097 884 1177 942 qui
1199 883 1318 928 libro
1347 882 1387 930 Ι.
1418 882 1474 927 de
1501 897 1652 926 rernm
1680 886 1775 927 nat.
1802 897 1845 929 v.
1866 883 2154 930 teo—⁴63.
2184 884 2292 928 haee
2316 885 2407 927 aits

727 961 929 1021 Tempus
959 962 1067 1006 item
1097 976 1182 1020 per
1209 977 1260 1006 se
1289 976 1378 1006 non
1409 967 1504 1016 est,
1543 960 1626 1005 sed
1655 961 1793 1007 rebus
1823 960 1880 1005 ab
1910 960 2027 1020 ipsis

730 1028 1037 1087 Consequitur
1078 1045 1268 1081 sensus,
1299 1035 1585 1096 ,transactum
1615 1028 1726 1087 quid
1754 1030 1818 1074 sit
1846 1030 1898 1078 in⁴
1923 1043 2047 1083 aevo,

724 1095 846 1142 Tum
882 1112 1025 1157 quae
1056 1113 1147 1143 res
1177 1099 1397 1152 instet,
1436 1096 1545 1156 qnid
1576 1111 1713 1155 porro
1739 1096 1900 1142 deinde
1929 1101 2166 1156 sequatur,

313 1174 392 1218 ubi
421 1176 650 1234 postrema
678 1173 815 1218 verba
845 1175 997 1232 „quid
1029 1190 1166 1235 porro
1187 1170 1348 1220 dein'de
1368 1180 1624 1233 sequatur“
1654 1177 1768 1221 satis
1787 1176 2039 1221 luculenter
2064 1169 2331 1226 ostendunt,
2357 1184 2435 1215 eas

313 1244 449 1287 etiam
479 1255 580 1294 res,
617 1255 731 1299 quae
759 1243 932 1285 instare
966 1241 1203 1295 dicuntur,
1229 1245 1457 1299 praesenti
1486 1249 1731 1296 momento,
1761 1257 2028 1302 quamquam
2061 1241 2287 1301 proxime,
2315 1238 2437 1295 cogi·
2467 1297 2477 1306 ι

311 1308 402 1353 tari
429 1305 735 1350 succedentes.
794 1305 909 1350 Post
946 1304 1207 1349 Lucretium
1247 1305 1453 1350 Cicero
1491 1312 1539 1351 et
1568 1308 1683 1351 alias
1712 1322 1846 1366 saepe
1876 1311 1923 1349 et
1948 1306 2068 1349 libro
2097 1307 2243 1363 primo
2276 1304 2333 1348 de
2367 1306 2436 1347 in-

314 1374 522 1422 ventione
559 1388 601 1432 c.
630 1374 708 1416 26.
736 1371 786 1413 id
822 1386 983 1414 nomen
1020 1373 1257 1428 usurpavit
1293 1371 1349 1413 de
1377 1374 1691 1427 praesentibus
1719 1374 1857 1414 rebus
1884 1372 1957 1412 his
1986 1371 2162 1412 verbis:
2204 1371 2297 1424 „In
2325 1375 2438 1414 tem·

315 1432 427 1505 pore
456 1445 503 1484 et
530 1453 647 1497 quae
677 1439 1010 1498 praeterierunt
1047 1437 1413 1491 considerantur-3
1457 1443 1504 1482 et
1541 1439 1648 1483 item
1685 1452 1800 1497 quae
1827 1437 2049 1482 instent
2078 1436 2134 1480 in
2161 1450 2440 1496 praesen-

318 1513 408 1557 tia
443 1514 491 1553 et
527 1521 663 1565 quum
705 1508 895 1551 maxime
923 1507 1035 1550 fiant
1055 1506 1126 1560 ¹⁸²),
1165 1511 1212 1550 et
1251 1521 1365 1564 quae
1394 1510 1780 1564 consequantur“.
1837 1503 1949 1551 Inde
1975 1503 2264 1564 arripuerunt
2291 1519 2438 1562 gram-

318 1578 513 1631 matici,
535 1590 592 1620 ex
632 1574 795 1632 quihus
832 1575 1200 1632 frequentissime
1239 1589 1291 1618 eo
1322 1580 1512 1618 utuntur
1545 1574 1854 1634 Sosipater
1882 1572 2190 1620 Charisius
2220 1577 2268 1617 et
2293 1573 2436 1619 Dio-

315 1647 528 1699 medes,
568 1642 719 1687 rarius
750 1640 1124 1697 Priscianus,
1164 1657 1389 1700 nunquam
1420 1643 1515 1687 fere
1546 1643 1725 1701 reliqui.
1778 1640 1848 1687 Ut
1876 1642 1992 1687 enim
2025 1640 2188 1687 Graeci
2216 1656 2437 1699 gramma-

315 1718 398 1765 tici
426 1729 512 1760 non
541 1725 730 1772 prorsus
760 1710 1060 1769 repudiabant
1089 1713 1432 1771 appellationem
1462 1712 1714 1769 praesentis
1742 1709 1768 1756 ὅ
1795 1707 1942 1767 παρών
1967 1713 2138 1768 χρόνος,
2174 1711 2239 1754 sic
2257 1711 2435 1756 Latinis

315 1791 499 1848 praeter
527 1782 702 1826 instans
733 1783 911 1838 tempus
951 1793 1129 1837 semper
1159 1782 1204 1823 in
1235 1795 1320 1824 usu
1353 1780 1559 1823 manebat
1589 1792 1748 1822 nomen
1774 1792 2051 1837 praesens
2080 1783 2274 1837 tempus.
2330 1778 2437 1824 Dif-

315 1855 436 1902 ferre
471 1855 617 1894 autem
658 1846 866 1890 universa
894 1847 1001 1890 haec
1031 1848 1208 1891 nomina
1236 1850 1356 1892 inter
1384 1862 1484 1892 sese
1516 1844 1724 1893 videntur
1751 1845 1840 1899 ita,
1882 1851 1936 1890 ut
1962 1847 2179 1899 ἐνεστώς
2209 1849 2436 1907 pertineat

317 1920 385 1965 ad
409 1917 494 1970 id,
523 1930 612 1977 quo
642 1914 834 1968 vivitur,
864 1921 1160 1971 momentum,
1193 1913 1363 1977 παρών,
1394 1917 1620 1961 instans
1650 1919 1698 1959 et
1726 1929 2005 1975 praesens
2036 1913 2093 1959 ad
2117 1929 2242 1971 eum,
2278 1916 2436 1975 quiin

2341 1999 2436 2027 mo-

386 2141 426 2179 ·)
448 2138 517 2170 Est
544 2136 633 2167 haec
661 2132 842 2173 scriptura
875 2132 987 2163 soiius
1020 2133 1154 2165 codicis
1178 2132 1484 2175 turicensis,
1517 2142 1608 2176 quae
1636 2132 1876 2175 praeferenda
1899 2132 1984 2166 mihi
2010 2131 2155 2165 videtur
2180 2136 2218 2163 et
2241 2130 2298 2174 ei,
2330 2139 2436 2172 qnam

455 2189 671 2226 Orellius
694 2196 740 2221 ex
764 2187 975 2221 coniectura
997 2188 1093 2221 dedit
1115 2193 1162 2221 et
1184 2197 1300 2230 quae
1325 2198 1451 2230 quum
1474 2189 1669 2222 maxime
1692 2193 1729 2222 et
1752 2188 1808 2231 ei,
1832 2195 1937 2229 quam
1958 2187 2120 2229 plerique
2144 2186 2292 2220 codices
2312 2187 2436 2221 ferunt

455 2252 502 2280 ct
526 2252 639 2285 quae
660 2244 863 2276 maxime.
910 2243 1118 2276 Relativum
1146 2244 1240 2275 cuitu
1268 2244 1300 2275 si
1327 2244 1546 2286 admittitur,
1579 2249 1719 2283 tempus
1750 2250 1926 2284 praesens
1944 2242 2189 2283 accipiendum
2207 2246 2265 2274 cst
2288 2250 2312 2275 a
2329 2241 2435 2274 Cice-

458 2310 546 2335 rsne
571 2300 727 2331 divisum
753 2307 836 2330 esse
861 2299 899 2329 iu
921 2299 1011 2329 duas
1039 2304 1183 2340 partes,
1214 2307 1364 2339 quarum
1393 2301 1512 2332 altera
1528 2299 1575 2330 sit
1595 2304 1736 2338 tempus
1753 2298 1935 2338 praesenti
1952 2306 2057 2339 quam
2075 2297 2293 2340 proximum,
2316 2298 2435 2330 altera

457 2362 632 2400 praesens
658 2354 776 2396 ipsum
800 2361 886 2396 seu,
919 2341 1258 2386 ut'Victorinus
1280 2354 1478 2387 scholiasta
1504 2353 1577 2394 ait,
1601 2354 1719 2387 altera
1746 2361 1941 2398 praesens,
1964 2354 2084 2387 altera
2111 2351 2229 2394 magis
2247 2359 2436 2393 praesens.

458 2415 516 2448 lta
541 2417 661 2446 autem
688 2410 875 2451 quominus
900 2413 1125 2450 statuamus,
1157 2410 1268 2441 totius
1294 2410 1399 2442 huius
1425 2408 1498 2441 loci
1526 2416 1592 2441 nos
1611 2408 1774 2448 prohibet
1789 2408 1902 2453 ratio,
1925 2416 1997 2450 qna
2013 2414 2177 2449 tempora
2190 2407 2364 2449 primaria
2381 2408 2438 2441 di-

460 2474 559 2503 serte
592 2468 645 2500 ita
680 2466 932 2507 disiunguntur
967 2473 991 2497 a
1018 2465 1265 2508 secundariis,
1310 2471 1349 2498 nt
1372 2465 1521 2506 primum
1552 2469 1728 2504 ponantur
1756 2463 1841 2506 illa,
1872 2464 2000 2497 deinde
2022 2465 2260 2506 adiungantur
2283 2463 2436 2505 reliqua·

458 2527 578 2566 Quare
602 2522 635 2555 si
662 2521 823 2555 dlvidere
850 2521 1030 2554 voluisset
1049 2520 1177 2554 Cicero
1203 2528 1376 2561 praesens
1403 2525 1566 2561 tempus,
1596 2524 1637 2551 ut
1663 2519 1701 2552 iu
1718 2518 1911 2560 praeterito
1929 2523 1967 2551 et
1983 2518 2126 2562 tuturo,
2152 2517 2206 2549 sic
2223 2517 2280 2550 hic
2298 2525 2436 2560 quoque

459 2581 611 2624 primum
636 2577 714 2609 sine
735 2577 840 2609 dubio
866 2575 1111 2609 nominaturus
1136 2575 1268 2609 fuisset
1286 2575 1495 2608 universum
1512 2574 1622 2618 iilud,
1645 2574 1771 2607 deinde
1788 2572 1987 2607 metuisset
2002 2576 2124 2613 partes
2142 2571 2233 2605 eius.
2278 2573 2437 2608 nicien-

463 2639 546 2670 dum
572 2633 683 2676 igitur
710 2637 768 2664 est
792 2632 1005 2672 relativum,
1038 2638 1106 2671 quo
1131 2631 1232 2664 facto
1258 2631 1429 2664 ambabus
1456 2630 1720 2671 loquutionihus
1745 2637 1861 2672 qnae
1884 2628 2070 2661 instent
2092 2628 2137 2661 in
2159 2633 2438 2672 praesentia

462 2698 507 2726 et
530 2699 664 2732 quum
688 2688 890 2723 maxIme
921 2687 1047 2719 fiant
1077 2686 1291 2726 simpliciter
1320 2694 1381 2718 res
1404 2685 1720 2730 significabuntur,
1753 2693 1845 2727 quae
1868 2689 2042 2729 geruntur
2058 2684 2242 2726 praesenti
2263 2690 2436 2731 tempore,

448 2747 638 2791 ¹posterior
655 2751 775 2779 autem
791 2744 948 2786 putanda
966 2743 1035 2775 erit
1051 2743 1193 2776 adiecta
1208 2742 1355 2785 idcirco,
1382 2742 1467 2783 quia
1484 2742 1642 2782 proclive
1661 2746 1741 2776 erat
1759 2741 1943 2786 Romanis,
1965 2741 2143 2775 instantes
2159 2749 2220 2774 res
2236 2740 2438 2786 intelligere

463 2807 506 2838 de
528 2803 660 2837 futuris
688 2802 808 2835 rebus.
855 2799 1047 2834 Caeterum
1073 2799 1304 2832 confirmatur
1328 2799 1416 2831 haec
1439 2798 1619 2838 scriptura
1633 2799 1879 2832 Victorini
1902 2798 2010 2832 etiam
2035 2797 2252 2830 scholiastae
2273 2798 2438 2833 testimo-

463 2862 544 2902 nio,
586 2859 644 2890 cui
670 2859 810 2900 quidem
836 2865 880 2889 eo
904 2857 985 2897 plus
1010 2855 1156 2887 videtur
1181 2854 1404 2888 tribuendum
1429 2862 1534 2896 esse,
1567 2862 1635 2895 quo
1657 2855 1774 2897 magis
1793 2855 1860 2889 illa
1884 2854 2004 2889 altera
2019 2852 2198 2895 scriptura
2215 2852 2374 2889 lavisset
2387 2854 2436 2899 ei,

463 2923 570 2960 quan
586 2914 651 2948 iue
668 2913 706 2947 in
720 2912 842 2947 verbis
861 2911 1045 2945 Ciceronis
1062 2910 1184 2943 inesse
1201 2911 1387 2956 opinatur,
1413 2910 1621 2945 sententiae.
