2774 3651
1162 270 1592 322 -13—

329 404 403 453 ct.
442 404 583 451 Varr.
619 400 678 446 de
715 399 828 458 ling.
865 399 1090 450 Lath.
1124 404 1265 458 §.32
1320 405 1383 451 X.
1421 405 1567 461 §.32
1604 403 1916 460 §.wette-
1967 403 2053 450 lx.
2089 403 2431 461 §.OG—100·

327 471 425 532 (od.
455 469 618 518 odofr.
646 469 829 528 Maeli.)
851 469 919 530 ἢ.

461 548 589 596 Haeo
615 554 775 596 autemv
799 545 1057 596 Stoicorum
1087 551 1138 593 et
1163 547 1385 595 Varronis
1423 549 1584 596 divisio
1612 554 1863 608 temporum
1892 548 1981 593 etsi
2011 548 2158 607 prima
2180 548 2327 607 speeie
2349 560 2434 592 na-

324 619 462 665 turali
492 617 684 679 quadam
715 630 817 663 sese
854 616 1134 663 commendat
1171 622 1219 663 et
1253 618 1383 678 quasi
1419 618 1620 665 insinuat
1654 618 1784 665 nobis
1821 617 2138 678 simplicitate,
2177 616 2428 663 accuratius

455 846 555 880 furta
586 846 647 879 lex
666 845 831 891 valeret,
862 851 910 878 an
938 841 1046 876 etiam
1065 840 1102 875 in
1120 841 1323 889 antefacta,
1343 840 1509 886 quoniam
1524 843 1797 886 subreptum
1820 840 1911 875 erit
1927 846 2113 884 utrumque
2130 845 2272 884 tempus
2289 837 2434 875 videtur

454 901 644 934 ostendere
654 898 691 932 “.
735 901 860 943 Neque
886 900 994 933 aliter
1016 900 1061 932 de
1084 900 1151 933 bac
1180 907 1222 932 re
1245 899 1420 933 statuisse
1436 900 1581 934 videtur
1596 901 1760 944 Nigidius
1777 901 1852 933 ille.
1898 897 2037 930 Gellius
2054 902 2155 930 certe
2171 900 2263 932 hunc
2280 902 2434 937 qnoque,

454 956 527 1001 ait,
560 962 710 997 putasae
740 956 950 1000 „incertam
974 964 1059 989 esso
1081 955 1251 996 temporis
1275 955 1645 991 demonstrationem“
1678 962 1716 989 et
1745 956 1838 990 satis
1862 955 2017 987 obscura
2042 954 2203 988 oratione
2222 960 2292 986 sua
2313 949 2429 992 signi-

455 1012 568 1046 ficare
585 1012 703 1046 videri
731 1013 833 1057 „hoc
857 1013 969 1045 verbo
995 1018 1065 1045 non
1088 1012 1206 1045 minus
1227 1011 1458 1054 praeteritum
1475 1018 1613 1055 tempus
1628 1012 1787 1056 ostendi,
1810 1020 1916 1054 quam
1932 1011 2090 1046 futurum
2102 1007 2150 1053 ⁴⁶,
2170 1018 2279 1051 quum
2296 1013 2429 1048 tamen,

454 1073 495 1101 ut
518 1073 618 1101 recte
648 1074 884 1110 perspexerat
899 1069 1039 1111 Varro,
1073 1067 1259 1101 dicendum
1283 1065 1436 1113 ruisset,
1471 1070 1669 1112 perfectam
1692 1076 1736 1102 eo
1752 1067 1892 1102 ostendi
1919 1067 2096 1101 actionem
2116 1066 2230 1100 futuri
2247 1062 2429 1106 temporis.

454 1124 511 1159 cf.
534 1124 725 1159 Emman.
747 1125 911 1159 Alvar.
941 1125 1069 1159 institt.
1092 1133 1147 1167 gr.
1170 1134 1206 1167 p.
1230 1124 1287 1159 24.
1310 1130 1348 1159 et
1369 1117 1562 1161 Gerar-d.
1586 1122 1720 1160 Voss.
1742 1127 1787 1159 de
1813 1125 1909 1159 anal.
1933 1124 2001 1158 111.
2023 1132 2055 1157 c.
2075 1124 2130 1157 1³.

389 1198 432 1240 *)
455 1199 618 1234 obscure
644 1202 733 1233 haec
756 1200 850 1233 ratio
877 1199 1081 1240 significata
1098 1204 1155 1231 est
1171 1200 1349 1240 prioribus
1364 1200 1478 1244 locis,
1504 1201 1665 1241 apertius
1682 1207 1873 1242 postremo.
1918 1201 2037 1233 Euius
2055 1206 2177 1233 tamen
2194 1193 2434 1237 intelligentia

455 1263 563 1296 quum
586 1253 767 1288 nonnullis
791 1254 976 1288 obstructa
1001 1251 1060 1287 sit*
1074 1253 1367 1299 difficultatibus,
1392 1256 1601 1290 accuratius
1627 1256 1751 1297 paullo
1774 1256 1808 1288 is
1833 1255 1937 1288 nobis
1964 1256 2033 1288 iam
2052 1251 2333 1288 considerandus
2351 1249 2432 1284 erit.

455 1310 610 1343 Varro
638 1310 733 1342 enim
761 1316 1000 1350 responsurus
1040 1308 1086 1340 iis
1128 1309 1318 1351 analogiae
1358 1317 1423 1342 seu
1452 1311 1605 1343 rationis
1633 1309 1891 1353 grammaticae
1919 1308 2258 1352 reprehensoribus,
2297 1306 2361 1348 qui
2390 1305 2429 1340 in

453 1365 559 1398 verbi
592 1364 808 1405 temporibus
843 1364 979 1397 idcirco
1011 1365 1192 1406 negabant
1221 1365 1364 1398 servari
1396 1367 1621 1409 analogiam,
1658 1365 1765 1407 qula,
1802 1373 1910 1406 quum
1941 1364 2115 1404 primaria
2137 1363 2241 1396 verbi
2266 1368 2430 1401 tempora

451 1423 577 1450 essent
606 1418 725 1458 legi,
770 1419 900 1456 lego,
935 1417 1112 1458 legam,
1150 1423 1222 1448 nno
1261 1422 1399 1449 tantum
1432 1424 1557 1449 eorum
1590 1416 1690 1457 legi
1724 1416 1990 1457 significaretur
2025 1417 2247 1459 perrectum,
2287 1416 2426 1447 duobus

453 1477 581 1509 autem,
599 1470 703 1514 lego
735 1474 773 1504 et
806 1470 956 1512 legam
991 1469 1164 1504 infectum
1198 1476 1360 1515 tempus,
1403 1493 1430 1515 ,‚
1438 1471 1588 1515 iniuria,
1618 1471 1756 1516 inquit,
1786 1472 2059 1513 reprehendunt.
2109 1471 2203 1504 Nam
2229 1478 2275 1503 ex
2303 1470 2428 1505 eodem

457 1535 591 1572 genere
618 1531 656 1559 et
678 1518 725 1560 ex
745 1517 925 1560 divisione
950 1526 1043 1560 idem
1067 1528 1242 1571 verbum,
1273 1529 1367 1571 quod
1391 1534 1572 1571 sumptum
1597 1533 1679 1572 est,
1702 1536 1768 1569 per
1786 1533 1947 1569 tempora
1965 1528 2105 1562 traduci
2123 1533 2264 1572 potest,
2288 1533 2329 1560 ut
2351 1528 2396 1560 di
2404 1545 2425 1554 -

456 1583 663 1626 scebam,
694 1581 853 1628 disco,
878 1581 1058 1618 discam
1083 1588 1125 1617 et
1143 1584 1269 1618 eadem
1291 1584 1466 1630 perfecti,
1500 1585 1556 1619 sic
1579 1584 1858 1628 didiceram,
1892 1585 2066 1628 didici,
2090 1584 2320 1619 didicero.
2366 1586 2424 1618 Ex

454 1648 524 1682 quo
550 1639 638 1672 licet
662 1638 777 1680 scire,
808 1640 1001 1672 verborum
1024 1640 1198 1674 rationem
1225 1644 1412 1684 constare,
1444 1641 1511 1673 sed
1535 1647 1601 1674 eos
1623 1639 1683 1682 qui
1711 1639 1819 1673 trium
1846 1645 2043 1681 temporum
2065 1640 2179 1675 verba
2193 1639 2424 1681 pronuntiare

454 1696 591 1737 velint,
629 1692 785 1726 scienter
814 1694 851 1726 id
875 1694 1041 1728 (ωσι-οὖ*
1097 1696 1266 1729 Offendor
1304 1702 1425 1729 antem
1452 1697 1605 1737 primum
1631 1697 1757 1729 verbis
1778 1702 1823 1729 et
1851 1705 1905 1727 ex
1934 1696 2179 1729 divisione
2201 1696 2240 1727 in
2266 1696 2424 1730 secundo

454 1750 657 1787 enunciato.
704 1749 819 1790 ouum
844 1749 939 1784 enim
963 1750 1162 1796 divisio,
1195 1757 1235 1785 ut
1259 1757 1358 1784 recte
1381 1754 1518 1786 monuit
1541 1754 1758 1795 Muellerus,
1782 1752 2014 1792 intelligenda
2030 1753 2161 1795 sit‚ea‚
2185 1761 2258 1792 qua
2274 1753 2423 1785 verbum

452 1807 623 1841 intectum
646 1804 877 1848 distinguitur
902 1812 927 1839 a
951 1805 1132 1853 perfecto,
1155 1813 1304 1850 genus
1325 1812 1444 1842 autem
1461 1806 1620 1843 Varroni
1637 1811 1700 1843 aut
1714 1806 1891 1850 significet
1907 1807 1961 1852 id,
1985 1808 2075 1850 quod
2092 1816 2184 1842 nuuc
2201 1807 2423 1843 nominamus

454 1864 597 1896 modum
611 1861 730 1904 verbi,
758 1866 798 1892 ut
815 1860 851 1899 S.
871 1862 968 1905 102.‚
992 1868 1055 1894 aut
1071 1864 1281 1896 alterutram
1298 1864 1412 1904 ipsius
1429 1864 1528 1895 illius
1545 1863 1733 1895 divisionis
1750 1868 1908 1906 partem,
1932 1869 1971 1894 ut
1988 1865 2050 1895 lib.
2069 1864 2097 1895 Ι.
2116 1863 2150 1902 s.
2167 1859 2245 1908 48„
2269 1863 2302 1895 si
2321 1863 2420 1904 prio-

453 1926 531 1954 rem
548 1916 842 1959 significationem
868 1917 1084 1961 accipimus,
1107 1919 1297 1951 verborum
1315 1920 1492 1952 sententia
1510 1928 1581 1952 non
1604 1924 1722 1960 potest
1739 1928 1822 1952 esse
1838 1920 1932 1960 alia,
1956 1920 2026 1951 nisi
2043 1908 2125 1961 aut,
2148 1919 2240 1950 idem
2257 1920 2421 1962 verbum,

453 1974 549 2019 quod
570 1972 818 2008 declinandum
845 1972 893 2007 sit
920 1978 1097 2016 sumptum
1120 1972 1158 2008 in
1182 1975 1306 2009 eodem
1328 1975 1431 2009 modo
1458 1975 1709 2018 eademque
1740 1975 2006 2016 divisione,
2041 1981 2080 2007 ut
2104 1975 2141 2007 in
2166 1973 2362 2008 indicativo
2382 1981 2420 2008 et

455 2029 590 2065 intecta
613 2030 755 2064 actione
779 2029 914 2064 disco
937 2029 1173 2066 discebam
1197 2031 1396 2077 discam,
1435 2039 1501 2073 per
1525 2031 1597 2065 tria
1621 2035 1781 2072 tempora
1804 2030 1886 2064 duci
1909 2038 1974 2063 seu
2000 2029 2174 2064 declinari
2199 2037 2328 2074 posse,
2359 2035 2423 2065 aut

453 2089 570 2130 idem,
592 2087 684 2127 quod
703 2087 951 2119 declinandum
973 2091 1150 2125 sumptum
1174 2087 1223 2118 sit
1249 2087 1420 2128 verbnm,
1443 2087 1480 2117 in
1500 2088 1622 2117 eodem
1647 2088 1748 2117 modo
1775 2087 2026 2117 secundam
2051 2085 2183 2117 illam
2210 2086 2423 2119 divisio-

455 2150 550 2176 nem
573 2150 638 2183 per
659 2127 796 2176 terna
819 2147 981 2184 tempora
1002 2141 1083 2174 duci
1105 2148 1235 2185 posse,
1266 2147 1305 2174 ut
1330 2142 1367 2174 in
1393 2140 1580 2175 indicativi
1606 2142 1745 2175 iniecta
1760 2149 1830 2174 non
1847 2141 1964 2173 minus
1980 2149 2084 2180 quam
2103 2142 2265 2180 perfecta
2279 2143 2422 2176 actione

454 2198 606 2241 disco,
636 2195 900 2241 discebam,
923 2198 1121 2241 discam,
1153 2203 1190 2231 et
1212 2197 1378 2241 didici,
1408 2197 1684 2241 didiceram,
1719 2197 1945 2229 didicero.
1991 2196 2100 2237 Atqui
2125 2197 2157 2228 si
2180 2197 2281 2232 illam
2306 2198 2422 2234 iuter-

452 2252 685 2295 pretationem
704 2253 956 2298 statuerimus,
979 2261 1033 2286 ex
1051 2253 1267 2295 praepositio
1284 2254 1436 2288 delenda
1452 2258 1488 2286 et
1507 2262 1587 2287 cum
1605 2253 1678 2287 los.
1696 2252 1878 2295 scaligero
1897 2253 2084 2294 legendum
2104 2252 2176 2287 erit
2201 2262 2281 2297 „ex
2299 2257 2422 2290 eodem

453 2316 585 2353 genere
610 2313 648 2341 et
669 2307 844 2341 divisione
855 2307 902 2354 “‚
926 2310 983 2343 sin
999 2311 1110 2353 lianc,
1132 2318 1203 2343 non
1221 2312 1335 2344 solum
1353 2316 1399 2343 et
1416 2309 1616 2343 coniunctio
1632 2310 1701 2342 erit
1719 2311 1897 2350 tollenda,
1922 2310 1985 2340 sed
2002 2317 2065 2349 pro
2094 2311 2231 2344 tradu
2243 2312 2286 2343 ci
2312 2312 2419 2346 etiam

451 2365 676 2400 scribendum
700 2370 837 2400 terna
852 2365 968 2399 duci.
1013 2365 1143 2399 Restat
1164 2366 1301 2412 altera,
1333 2375 1440 2409 quam
1467 2374 1577 2407 supra
1599 2366 1974 2409 commemor-mmm,
2008 2366 2110 2399 vocis
2132 2375 2277 2407 genus
2304 2369 2417 2410 sigui..

453 2421 588 2455 ficatio.
635 2420 729 2455 nuic
752 2427 872 2455 tamen
897 2426 938 2455 ut
964 2425 1107 2455 taceam
1131 2420 1266 2456 idcirco
1293 2422 1358 2457 vix
1383 2429 1492 2463 posse
1516 2422 1574 2455 liic
1592 2423 1710 2456 locum
1730 2421 1897 2463 concedi,
1920 2420 2004 2461 quia
2021 2422 2141 2461 paullo
2160 2429 2244 2455 ante
2265 2422 2320 2463 (S.
2338 2424 2418 2465 95.)

455 2482 539 2511 sunt
561 2485 697 2518 genera
721 2477 825 2511 verbi
848 2483 1019 2519 separata
1042 2477 1175 2511 diserte
1200 2486 1224 2513 a
1245 2478 1483 2512 divisionibus
1508 2478 1608 2522 eius,
1634 2485 1681 2510 ne
1705 2483 1778 2510 tum
1805 2478 1944 2519 quidem
1961 2483 2059 2518 patet
2075 2484 2121 2511 et
2138 2479 2418 2514 coniunctionem

453 2535 492 2568 in
516 2532 704 2566 verborum
729 2533 852 2566 ordine
876 2532 1025 2565 retineri
1041 2540 1171 2575 posse;
1194 2535 1309 2569 verba
1331 2535 1425 2568 enim
1453 2543 1507 2567 ex
1533 2534 1576 2566 di
1588 2532 1777 2566 visione
1795 2538 1867 2566 tum
1886 2539 1959 2566 tam
1973 2539 2073 2566 arcte
2091 2541 2196 2567 erunt
2214 2543 2294 2568 cum
2312 2541 2419 2569 ante-

455 2589 670 2623 cedentibus*
690 2588 955 2631 coniungenda,
977 2592 1018 2621 ut
1044 2588 1194 2630 genitivi
1222 2594 1359 2623 tantum
1386 2590 1598 2629 potestatem
1611 2587 1787 2621 retineant
1803 2588 1960 2629 nihilque
1981 2589 2079 2621 aliud
2094 2589 2295 2632 significent
2310 2600 2418 2633 quam

454 2636 486 2679 si
508 2645 641 2678 dictum
668 2650 768 2678 esset
791 2653 815 2679 a
840 2645 1006 2678 Varrone
1028 2652 1082 2677 ex
1109 2638 1267 2679 eodem
1293 2652 1467 2687 genere
1496 2643 1773 2676 divisionis.
1793 2658 1839 2668 —
1884 2644 1963 2677 Non
1988 2645 2105 2678 minus
2123 2652 2243 2681 autem
2260 2647 2418 2681 difficul-

454 2703 541 2738 tatis
564 2701 657 2735 inest
681 2701 719 2733 in
744 2701 950 2733 succedenti
975 2699 1176 2734 enunciato.
1221 2702 1335 2741 Quum
1364 2701 1459 2734 enlm
1476 2701 1579 2734 modo
1597 2699 1865 2740 reprehenderit
1883 2700 2002 2734 Varro
2019 2709 2103 2745 eos,
2125 2703 2186 2743 qui
2204 2704 2308 2735 verbi
2325 2709 2418 2737 tem-

452 2766 542 2802 pora
564 2755 753 2792 indicaturi
778 2763 901 2791 eorum
925 2756 996 2793 tria
1011 2756 1246 2798 pronuncient
1265 2757 1349 2792 illa:
1371 2756 1492 2801 legi,
1514 2757 1641 2802 lego,
1664 2756 1837 2800 legam,
1859 2761 1896 2789 et
1911 2757 2088 2798 duplicem
2106 2763 2233 2794 contra
2248 2761 2417 2794 ostende-

450 2817 499 2849 rit
533 2815 816 2856 distinguendam
842 2821 925 2846 esse
957 2819 1154 2853 temporum
1180 2814 1314 2847 seriem
1339 2820 1488 2854 eamque
1515 2812 1705 2854 tripliciter
1728 2820 1857 2846 rursus
1880 2812 1916 2845 iu
1945 2821 2142 2857 praesens,
2171 2814 2418 2861 praeteritum,

453 2871 612 2904 summm
631 2869 785 2904 divisam
811 2877 916 2915 esse,
947 2869 1070 2904 mirari
1095 2869 1258 2911 prolecto
1283 2869 1366 2912 quis
1391 2868 1541 2912 poterit,
1565 2870 1737 2912 quomodo
1754 2869 1862 2903 iidem
1881 2869 1942 2901 isti
1958 2878 2051 2903 nunc
2067 2876 2188 2905 tamen
2205 2871 2361 2905 scienter
2379 2873 2415 2906 id

452 2927 576 2962 facere
598 2925 671 2961 dici
696 2925 853 2970 possint,
887 2933 995 2969 quum
1023 2925 1143 2969 potius
1168 2931 1314 2970 propter
1338 2924 1566 2961 inscientiam
1590 2931 1655 2959 eos
1679 2929 1867 2968 exspectes
1886 2930 2046 2962 notatum
2061 2925 2117 2961 iri·
2164 2927 2284 2968 Quare
2301 2927 2413 2964 facile
