<?xml version="1.0" encoding="UTF-8"?>
<!DOCTYPE html PUBLIC "-//W3C//DTD XHTML 1.0 Transitional//EN"
    "http://www.w3.org/TR/xhtml1/DTD/xhtml1-transitional.dtd">
<html xmlns="http://www.w3.org/1999/xhtml" xml:lang="en" lang="en">
 <head>
  <title>
</title>
<meta http-equiv="Content-Type" content="text/html;charset=utf-8" />
  <meta name='ocr-system' content='tesseract 3.04.00' />
  <meta name='ocr-capabilities' content='ocr_page ocr_carea ocr_par ocr_line ocrx_word'/>
</head>
<body>
  <div class='ocr_page' id='page_1' title='image "4769566_0022.png"; bbox 0 0 2774 3651; ppageno 0'>
   <div class='ocr_carea' id='block_1_1' title="bbox 1185 286 1615 340">
    <p class='ocr_par' dir='ltr' id='par_1_1' title="bbox 1185 286 1615 340">
     <span class='ocr_line' id='line_1_1' title="bbox 1185 286 1615 340; baseline 0.007 -3"><span class='ocrx_word' id='word_1_1' title='bbox 1185 286 1615 340; x_wconf 73' lang='lat' dir='ltr'><strong>-—.-l·‡—-</strong></span> 
     </span>
    </p>
   </div>
   <div class='ocr_carea' id='block_1_2' title="bbox 333 408 2462 1025">
    <p class='ocr_par' dir='ltr' id='par_1_2' title="bbox 333 408 2462 1025">
     <span class='ocr_line' id='line_1_2' title="bbox 344 408 2455 481; baseline -0.004 -9"><span class='ocrx_word' id='word_1_2' title='bbox 344 428 509 472; x_wconf 85' lang='lat' dir='ltr'><strong>lacuna</strong></span> <span class='ocrx_word' id='word_1_3' title='bbox 549 424 605 469; x_wconf 83' lang='lat' dir='ltr'><strong>ab</strong></span> <span class='ocrx_word' id='word_1_4' title='bbox 644 422 701 468; x_wconf 86' lang='lat' dir='ltr'><strong>iis</strong></span> <span class='ocrx_word' id='word_1_5' title='bbox 730 420 891 469; x_wconf 59' lang='lat' dir='ltr'><strong>rssota</strong></span> <span class='ocrx_word' id='word_1_6' title='bbox 919 419 1096 467; x_wconf 82' lang='lat' dir='ltr'><strong>duobus</strong></span> <span class='ocrx_word' id='word_1_7' title='bbox 1121 413 1224 465; x_wconf 66' lang='lat' dir='ltr'><strong>suro·</strong></span> <span class='ocrx_word' id='word_1_8' title='bbox 1255 408 1609 481; x_wconf 72' lang='lat' dir='ltr'><strong>seculis&#39;postea</strong></span> <span class='ocrx_word' id='word_1_9' title='bbox 1636 428 1781 478; x_wconf 76' lang='lat' dir='ltr'><strong>neque</strong></span> <span class='ocrx_word' id='word_1_10' title='bbox 1808 421 1906 466; x_wconf 76' lang='lat' dir='ltr'><strong>tm</strong></span> <span class='ocrx_word' id='word_1_11' title='bbox 1933 421 2087 466; x_wconf 66' lang='lat' dir='ltr'><strong>umen</strong></span> <span class='ocrx_word' id='word_1_12' title='bbox 2114 416 2143 465; x_wconf 76' lang='grc' dir='ltr'><strong>ι’</strong></span> <span class='ocrx_word' id='word_1_13' title='bbox 2168 415 2340 466; x_wconf 71' lang='lat' dir='ltr'><strong>Graeco</strong></span> <span class='ocrx_word' id='word_1_14' title='bbox 2368 417 2455 463; x_wconf 83' lang='lat' dir='ltr'><strong>ali-</strong></span> 
     </span>
     <span class='ocr_line' id='line_1_3' title="bbox 346 485 2455 554; baseline -0.004 -15"><span class='ocrx_word' id='word_1_15' title='bbox 346 508 438 554; x_wconf 87' lang='lat' dir='ltr'><strong>quo</strong></span> <span class='ocrx_word' id='word_1_16' title='bbox 476 492 555 537; x_wconf 84' lang='lat' dir='ltr'><strong>sed</strong></span> <span class='ocrx_word' id='word_1_17' title='bbox 590 503 617 532; x_wconf 82' lang='lat' dir='ltr'><strong>a</strong></span> <span class='ocrx_word' id='word_1_18' title='bbox 653 488 819 533; x_wconf 80' lang='lat' dir='ltr'><strong>Latino</strong></span> <span class='ocrx_word' id='word_1_19' title='bbox 855 489 1145 547; x_wconf 76' lang='lat' dir='ltr'><strong>grammatico</strong></span> <span class='ocrx_word' id='word_1_20' title='bbox 1178 488 1356 547; x_wconf 83' lang='lat' dir='ltr'><strong>expleta</strong></span> <span class='ocrx_word' id='word_1_21' title='bbox 1391 491 1480 534; x_wconf 83' lang='lat' dir='ltr'><strong>est.</strong></span> <span class='ocrx_word' id='word_1_22' title='bbox 1537 486 1858 532; x_wconf 82' lang='lat' dir='ltr'><strong>Terentius</strong></span> <span class='ocrx_word' id='word_1_23' title='bbox 1893 485 2088 533; x_wconf 75' lang='lat' dir='ltr'><strong>Varro</strong></span> <span class='ocrx_word' id='word_1_24' title='bbox 2121 486 2269 541; x_wconf 73' lang='lat' dir='ltr'><strong>enin,</strong></span> <span class='ocrx_word' id='word_1_25' title='bbox 2312 485 2383 532; x_wconf 82' lang='lat' dir='ltr'><strong>vir</strong></span> <span class='ocrx_word' id='word_1_26' title='bbox 2408 487 2455 530; x_wconf 87' lang='lat' dir='ltr'><strong>in</strong></span> 
     </span>
     <span class='ocr_line' id='line_1_4' title="bbox 345 550 2459 621; baseline -0.002 -17"><span class='ocrx_word' id='word_1_27' title='bbox 345 562 479 608; x_wconf 77' lang='lat' dir='ltr'><strong>rebus</strong></span> <span class='ocrx_word' id='word_1_28' title='bbox 508 557 816 621; x_wconf 72' lang='lat' dir='ltr'><strong>grammaticis</strong></span> <span class='ocrx_word' id='word_1_29' title='bbox 854 556 1076 618; x_wconf 87' lang='lat' dir='ltr'><strong>imprimis</strong></span> <span class='ocrx_word' id='word_1_30' title='bbox 1117 559 1301 611; x_wconf 84' lang='lat' dir='ltr'><strong>acutus,</strong></span> <span class='ocrx_word' id='word_1_31' title='bbox 1336 560 1391 600; x_wconf 80' lang='lat' dir='ltr'><strong>ut</strong></span> <span class='ocrx_word' id='word_1_32' title='bbox 1418 555 1465 600; x_wconf 94' lang='lat' dir='ltr'><strong>in</strong></span> <span class='ocrx_word' id='word_1_33' title='bbox 1491 555 1700 601; x_wconf 85' lang='lat' dir='ltr'><strong>universa</strong></span> <span class='ocrx_word' id='word_1_34' title='bbox 1727 550 2224 614; x_wconf 57' lang='lat' dir='ltr'><strong>linguaeubrmauda</strong></span> <span class='ocrx_word' id='word_1_35' title='bbox 2250 567 2339 600; x_wconf 84' lang='lat' dir='ltr'><strong>non</strong></span> <span class='ocrx_word' id='word_1_36' title='bbox 2366 555 2459 600; x_wconf 78' lang='lat' dir='ltr'><strong>for·</strong></span> 
     </span>
     <span class='ocr_line' id='line_1_5' title="bbox 333 619 2462 682; baseline -0.003 -8"><span class='ocrx_word' id='word_1_37' title='bbox 333 625 494 674; x_wconf 54' lang='lat' dir='ltr'><strong>‘tunam</strong></span> <span class='ocrx_word' id='word_1_38' title='bbox 533 625 724 672; x_wconf 76' lang='lat' dir='ltr'><strong>docebat</strong></span> <span class='ocrx_word' id='word_1_39' title='bbox 758 624 840 669; x_wconf 83' lang='lat' dir='ltr'><strong>sed</strong></span> <span class='ocrx_word' id='word_1_40' title='bbox 875 619 1093 670; x_wconf 69' lang='lat' dir='ltr'><strong>rationem</strong></span> <span class='ocrx_word' id='word_1_41' title='bbox 1137 638 1241 669; x_wconf 88' lang='lat' dir='ltr'><strong>esse</strong></span> <span class='ocrx_word' id='word_1_42' title='bbox 1281 624 1577 678; x_wconf 79' lang='lat' dir='ltr'><strong>dominatam,</strong></span> <span class='ocrx_word' id='word_1_43' title='bbox 1614 623 1681 668; x_wconf 81' lang='lat' dir='ltr'><strong>ita</strong></span> <span class='ocrx_word' id='word_1_44' title='bbox 1718 638 1852 669; x_wconf 83' lang='lat' dir='ltr'><strong>senas</strong></span> <span class='ocrx_word' id='word_1_45' title='bbox 1880 635 2058 682; x_wconf 80' lang='lat' dir='ltr'><strong>quoquo</strong></span> <span class='ocrx_word' id='word_1_46' title='bbox 2085 627 2337 682; x_wconf 70' lang='lat' dir='ltr'><strong>temporum</strong></span> <span class='ocrx_word' id='word_1_47' title='bbox 2365 624 2462 668; x_wconf 76' lang='lat' dir='ltr'><strong>for-</strong></span> 
     </span>
     <span class='ocr_line' id='line_1_6' title="bbox 339 691 2460 749; baseline -0.004 -6"><span class='ocrx_word' id='word_1_48' title='bbox 339 711 439 743; x_wconf 91' lang='lat' dir='ltr'><strong>mas</strong></span> <span class='ocrx_word' id='word_1_49' title='bbox 460 710 548 742; x_wconf 90' lang='lat' dir='ltr'><strong>uon</strong></span> <span class='ocrx_word' id='word_1_50' title='bbox 576 698 744 740; x_wconf 78' lang='lat' dir='ltr'><strong>temere</strong></span> <span class='ocrx_word' id='word_1_51' title='bbox 773 691 972 738; x_wconf 77' lang='lat' dir='ltr'><strong>ostendit</strong></span> <span class='ocrx_word' id='word_1_52' title='bbox 1002 708 1028 738; x_wconf 87' lang='lat' dir='ltr'><strong>a</strong></span> <span class='ocrx_word' id='word_1_53' title='bbox 1051 691 1268 738; x_wconf 84' lang='lat' dir='ltr'><strong>Romanis</strong></span> <span class='ocrx_word' id='word_1_54' title='bbox 1296 692 1492 738; x_wconf 81' lang='lat' dir='ltr'><strong>tributas</strong></span> <span class='ocrx_word' id='word_1_55' title='bbox 1521 692 1657 738; x_wconf 83' lang='lat' dir='ltr'><strong>verbo</strong></span> <span class='ocrx_word' id='word_1_56' title='bbox 1684 692 1841 737; x_wconf 74' lang='lat' dir='ltr'><strong>finisse.</strong></span> <span class='ocrx_word' id='word_1_57' title='bbox 1896 691 2137 736; x_wconf 75' lang='lat' dir='ltr'><strong>Actionem</strong></span> <span class='ocrx_word' id='word_1_58' title='bbox 2167 692 2309 744; x_wconf 89' lang='lat' dir='ltr'><strong>enim,</strong></span> <span class='ocrx_word' id='word_1_59' title='bbox 2344 705 2460 749; x_wconf 87' lang='lat' dir='ltr'><strong>quae</strong></span> 
     </span>
     <span class='ocr_line' id='line_1_7' title="bbox 342 759 2460 824; baseline -0.004 -13"><span class='ocrx_word' id='word_1_60' title='bbox 342 761 615 824; x_wconf 81' lang='lat' dir='ltr'><strong>designanda</strong></span> <span class='ocrx_word' id='word_1_61' title='bbox 645 761 710 806; x_wconf 86' lang='lat' dir='ltr'><strong>sit</strong></span> <span class='ocrx_word' id='word_1_62' title='bbox 737 760 899 813; x_wconf 83' lang='lat' dir='ltr'><strong>verbo,</strong></span> <span class='ocrx_word' id='word_1_63' title='bbox 939 766 1019 805; x_wconf 84' lang='lat' dir='ltr'><strong>aut</strong></span> <span class='ocrx_word' id='word_1_64' title='bbox 1047 759 1323 806; x_wconf 78' lang='lat' dir='ltr'><strong>infectam</strong></span> <span class='ocrx_word' id='word_1_65' title='bbox 1349 775 1484 821; x_wconf 87' lang='lat' dir='ltr'><strong>posse</strong></span> <span class='ocrx_word' id='word_1_66' title='bbox 1510 765 1591 806; x_wconf 84' lang='lat' dir='ltr'><strong>aut</strong></span> <span class='ocrx_word' id='word_1_67' title='bbox 1616 759 1936 820; x_wconf 82' lang='lat' dir='ltr'><strong>perfectam</strong></span> <span class='ocrx_word' id='word_1_68' title='bbox 1965 760 2181 817; x_wconf 72' lang='lat' dir='ltr'><strong>eogitari,</strong></span> <span class='ocrx_word' id='word_1_69' title='bbox 2218 764 2460 817; x_wconf 80' lang='lat' dir='ltr'><strong>utrumque</strong></span> 
     </span>
     <span class='ocr_line' id='line_1_8' title="bbox 345 825 2460 890; baseline -0.004 -11"><span class='ocrx_word' id='word_1_70' title='bbox 345 838 494 879; x_wconf 81' lang='lat' dir='ltr'><strong>autem</strong></span> <span class='ocrx_word' id='word_1_71' title='bbox 542 844 681 890; x_wconf 77' lang='lat' dir='ltr'><strong>genus</strong></span> <span class='ocrx_word' id='word_1_72' title='bbox 723 842 820 875; x_wconf 77' lang='lat' dir='ltr'><strong>esse</strong></span> <span class='ocrx_word' id='word_1_73' title='bbox 865 829 1010 875; x_wconf 85' lang='lat' dir='ltr'><strong>ternis</strong></span> <span class='ocrx_word' id='word_1_74' title='bbox 1048 828 1321 875; x_wconf 77' lang='lat' dir='ltr'><strong>instructum</strong></span> <span class='ocrx_word' id='word_1_75' title='bbox 1363 827 1659 889; x_wconf 72' lang='lat' dir='ltr'><strong>temporibus.</strong></span> <span class='ocrx_word' id='word_1_76' title='bbox 1729 825 1997 873; x_wconf 69' lang='lat' dir='ltr'><strong>Iniectae</strong></span> <span class='ocrx_word' id='word_1_77' title='bbox 2045 827 2163 873; x_wconf 87' lang='lat' dir='ltr'><strong>enim</strong></span> <span class='ocrx_word' id='word_1_78' title='bbox 2215 827 2460 872; x_wconf 84' lang='lat' dir='ltr'><strong>aetionis</strong></span> 
     </span>
     <span class='ocr_line' id='line_1_9' title="bbox 340 893 2461 962; baseline -0.003 -16"><span class='ocrx_word' id='word_1_79' title='bbox 340 914 555 962; x_wconf 83' lang='lat' dir='ltr'><strong>praesens</strong></span> <span class='ocrx_word' id='word_1_80' title='bbox 601 912 704 943; x_wconf 85' lang='lat' dir='ltr'><strong>esse</strong></span> <span class='ocrx_word' id='word_1_81' title='bbox 749 899 906 956; x_wconf 81' lang='lat' dir='ltr'><strong>lego,</strong></span> <span class='ocrx_word' id='word_1_82' title='bbox 961 897 1255 958; x_wconf 79' lang='lat' dir='ltr'><strong>praeteritum</strong></span> <span class='ocrx_word' id='word_1_83' title='bbox 1308 898 1598 956; x_wconf 81' lang='lat' dir='ltr'><strong>legebam,</strong></span> <span class='ocrx_word' id='word_1_84' title='bbox 1651 895 1855 941; x_wconf 78' lang='lat' dir='ltr'><strong>futurum</strong></span> <span class='ocrx_word' id='word_1_85' title='bbox 1898 895 2113 953; x_wconf 67' lang='lat' dir='ltr'><strong>legamg</strong></span> <span class='ocrx_word' id='word_1_86' title='bbox 2163 893 2461 954; x_wconf 74' lang='lat' dir='ltr'><strong>perfectae</strong></span> 
     </span>
     <span class='ocr_line' id='line_1_10' title="bbox 337 960 2461 1025; baseline -0.003 -11"><span class='ocrx_word' id='word_1_87' title='bbox 337 974 488 1014; x_wconf 77' lang='lat' dir='ltr'><strong>autem</strong></span> <span class='ocrx_word' id='word_1_88' title='bbox 528 966 781 1010; x_wconf 81' lang='lat' dir='ltr'><strong>actionis</strong></span> <span class='ocrx_word' id='word_1_89' title='bbox 821 975 1035 1025; x_wconf 82' lang='lat' dir='ltr'><strong>praesens</strong></span> <span class='ocrx_word' id='word_1_90' title='bbox 1067 967 1210 1024; x_wconf 80' lang='lat' dir='ltr'><strong>legi,</strong></span> <span class='ocrx_word' id='word_1_91' title='bbox 1267 967 1561 1025; x_wconf 77' lang='lat' dir='ltr'><strong>praeteritum</strong></span> <span class='ocrx_word' id='word_1_92' title='bbox 1601 966 1880 1022; x_wconf 73' lang='lat' dir='ltr'><strong>legeram,</strong></span> <span class='ocrx_word' id='word_1_93' title='bbox 1932 961 2135 1008; x_wconf 80' lang='lat' dir='ltr'><strong>futurum</strong></span> <span class='ocrx_word' id='word_1_94' title='bbox 2178 962 2375 1021; x_wconf 69' lang='lat' dir='ltr'><strong>legero</strong></span> <span class='ocrx_word' id='word_1_95' title='bbox 2392 960 2461 1017; x_wconf 64' lang='lat'><strong>¹⁸⁸).</strong></span> 
     </span>
    </p>
   </div>
   <div class='ocr_carea' id='block_1_3' title="bbox 478 1181 2463 1395">
    <p class='ocr_par' dir='ltr' id='par_1_3' title="bbox 478 1181 2463 1395">
     <span class='ocr_line' id='line_1_11' title="bbox 481 1181 2461 1234; baseline -0.004 -10"><span class='ocrx_word' id='word_1_96' title='bbox 481 1197 551 1234; x_wconf 84' lang='lat' dir='ltr'><strong>ea,</strong></span> <span class='ocrx_word' id='word_1_97' title='bbox 575 1195 649 1231; x_wconf 83' lang='lat' dir='ltr'><strong>qua</strong></span> <span class='ocrx_word' id='word_1_98' title='bbox 668 1186 720 1221; x_wconf 84' lang='lat' dir='ltr'><strong>ibi</strong></span> <span class='ocrx_word' id='word_1_99' title='bbox 745 1195 816 1221; x_wconf 91' lang='lat' dir='ltr'><strong>non</strong></span> <span class='ocrx_word' id='word_1_100' title='bbox 841 1194 926 1222; x_wconf 80' lang='lat' dir='ltr'><strong>raro</strong></span> <span class='ocrx_word' id='word_1_101' title='bbox 943 1189 989 1223; x_wconf 81' lang='lat' dir='ltr'><strong>ab</strong></span> <span class='ocrx_word' id='word_1_102' title='bbox 1012 1187 1060 1222; x_wconf 89' lang='lat' dir='ltr'><strong>iis</strong></span> <span class='ocrx_word' id='word_1_103' title='bbox 1085 1187 1240 1231; x_wconf 88' lang='lat' dir='ltr'><strong>positum</strong></span> <span class='ocrx_word' id='word_1_104' title='bbox 1258 1194 1317 1222; x_wconf 86' lang='lat' dir='ltr'><strong>est</strong></span> <span class='ocrx_word' id='word_1_105' title='bbox 1335 1189 1496 1223; x_wconf 72' lang='lat' dir='ltr'><strong>futurum</strong></span> <span class='ocrx_word' id='word_1_106' title='bbox 1522 1187 1649 1222; x_wconf 77' lang='lat' dir='ltr'><strong>infec</strong></span> <span class='ocrx_word' id='word_1_107' title='bbox 1660 1193 1749 1221; x_wconf 85' lang='lat' dir='ltr'><strong>tum</strong></span> <span class='ocrx_word' id='word_1_108' title='bbox 1760 1208 1772 1231; x_wconf 95' lang='lat'><strong>,</strong></span> <span class='ocrx_word' id='word_1_109' title='bbox 1794 1183 1856 1220; x_wconf 80' lang='lat' dir='ltr'><strong>nbi</strong></span> <span class='ocrx_word' id='word_1_110' title='bbox 1872 1190 1909 1219; x_wconf 84' lang='lat' dir='ltr'><strong>et</strong></span> <span class='ocrx_word' id='word_1_111' title='bbox 1922 1191 1991 1219; x_wconf 90' lang='lat' dir='ltr'><strong>nos</strong></span> <span class='ocrx_word' id='word_1_112' title='bbox 2007 1189 2045 1219; x_wconf 90' lang='lat' dir='ltr'><strong>et</strong></span> <span class='ocrx_word' id='word_1_113' title='bbox 2058 1182 2180 1219; x_wconf 73' lang='lat' dir='ltr'><strong>Latini</strong></span> <span class='ocrx_word' id='word_1_114' title='bbox 2199 1182 2351 1228; x_wconf 85' lang='lat' dir='ltr'><strong>posituri</strong></span> <span class='ocrx_word' id='word_1_115' title='bbox 2365 1181 2461 1218; x_wconf 73' lang='lat' dir='ltr'><strong>fnis-</strong></span> 
     </span>
     <span class='ocr_line' id='line_1_12' title="bbox 482 1239 2461 1285; baseline -0.004 -7"><span class='ocrx_word' id='word_1_116' title='bbox 482 1252 607 1278; x_wconf 86' lang='lat' dir='ltr'><strong>semus</strong></span> <span class='ocrx_word' id='word_1_117' title='bbox 628 1243 916 1285; x_wconf 55' lang='lat' dir='ltr'><strong>perfectuum</strong></span> <span class='ocrx_word' id='word_1_118' title='bbox 943 1244 980 1278; x_wconf 87' lang='lat' dir='ltr'><strong>id</strong></span> <span class='ocrx_word' id='word_1_119' title='bbox 1003 1245 1097 1285; x_wconf 83' lang='lat' dir='ltr'><strong>quod</strong></span> <span class='ocrx_word' id='word_1_120' title='bbox 1112 1244 1406 1277; x_wconf 78' lang='lat' dir='ltr'><strong>Schaeterus</strong></span> <span class='ocrx_word' id='word_1_121' title='bbox 1433 1251 1500 1277; x_wconf 86' lang='lat' dir='ltr'><strong>nos</strong></span> <span class='ocrx_word' id='word_1_122' title='bbox 1519 1243 1639 1276; x_wconf 85' lang='lat' dir='ltr'><strong>docuit</strong></span> <span class='ocrx_word' id='word_1_123' title='bbox 1666 1242 1705 1275; x_wconf 87' lang='lat' dir='ltr'><strong>in</strong></span> <span class='ocrx_word' id='word_1_124' title='bbox 1721 1246 1899 1283; x_wconf 85' lang='lat' dir='ltr'><strong>apparatu</strong></span> <span class='ocrx_word' id='word_1_125' title='bbox 1916 1242 1963 1276; x_wconf 80' lang='lat' dir='ltr'><strong>ad</strong></span> <span class='ocrx_word' id='word_1_126' title='bbox 1979 1241 2162 1280; x_wconf 76' lang='lat' dir='ltr'><strong>Demosth-</strong></span> <span class='ocrx_word' id='word_1_127' title='bbox 2178 1246 2261 1275; x_wconf 85' lang='lat' dir='ltr'><strong>tom.</strong></span> <span class='ocrx_word' id='word_1_128' title='bbox 2280 1241 2311 1275; x_wconf 86' lang='lat'><strong>1.</strong></span> <span class='ocrx_word' id='word_1_129' title='bbox 2328 1251 2363 1282; x_wconf 85' lang='lat' dir='ltr'><strong>p.</strong></span> <span class='ocrx_word' id='word_1_130' title='bbox 2379 1239 2461 1274; x_wconf 86' lang='lat'><strong>500.</strong></span> 
     </span>
     <span class='ocr_line' id='line_1_13' title="bbox 481 1292 2461 1342; baseline -0.002 -10"><span class='ocrx_word' id='word_1_131' title='bbox 481 1299 539 1332; x_wconf 77' lang='lat' dir='ltr'><strong>liis</strong></span> <span class='ocrx_word' id='word_1_132' title='bbox 577 1299 700 1331; x_wconf 79' lang='lat' dir='ltr'><strong>verbis</strong></span> <span class='ocrx_word' id='word_1_133' title='bbox 712 1308 723 1331; x_wconf 73' lang='grc' dir='ltr'><strong><em>ε</em></strong></span> <span class='ocrx_word' id='word_1_134' title='bbox 763 1321 788 1342; x_wconf 87' lang='lat'><strong>„</strong></span> <span class='ocrx_word' id='word_1_135' title='bbox 799 1294 1099 1342; x_wconf 68' lang='grc' dir='ltr'><strong>διαφθαρήσεται</strong></span> <span class='ocrx_word' id='word_1_136' title='bbox 1135 1296 1201 1331; x_wconf 69' lang='grc' dir='ltr'><strong>καὶ</strong></span> <span class='ocrx_word' id='word_1_137' title='bbox 1234 1294 1498 1338; x_wconf 69' lang='grc' dir='ltr'><strong>διαλυθήσεται</strong></span> <span class='ocrx_word' id='word_1_138' title='bbox 1525 1300 1694 1338; x_wconf 71' lang='lat' dir='ltr'><strong>Anger-us</strong></span> <span class='ocrx_word' id='word_1_139' title='bbox 1728 1296 1841 1329; x_wconf 80' lang='lat' dir='ltr'><strong>vertit</strong></span> <span class='ocrx_word' id='word_1_140' title='bbox 1866 1305 1890 1337; x_wconf 75' lang='lat' dir='ltr'><strong>p</strong></span> <span class='ocrx_word' id='word_1_141' title='bbox 1898 1303 1919 1329; x_wconf 77' lang='grc' dir='ltr'><strong>ο</strong></span> <span class='ocrx_word' id='word_1_142' title='bbox 1927 1297 1980 1330; x_wconf 78' lang='lat' dir='ltr'><strong>rd</strong></span> <span class='ocrx_word' id='word_1_143' title='bbox 1988 1305 2009 1329; x_wconf 80' lang='grc' dir='ltr'><strong>ο</strong></span> <span class='ocrx_word' id='word_1_144' title='bbox 2018 1302 2033 1330; x_wconf 82' lang='lat' dir='ltr'><strong>t</strong></span> <span class='ocrx_word' id='word_1_145' title='bbox 2040 1292 2063 1330; x_wconf 78' lang='lat' dir='ltr'><strong>u</strong></span> <span class='ocrx_word' id='word_1_146' title='bbox 2072 1305 2093 1331; x_wconf 83' lang='grc' dir='ltr'><strong>ι·</strong></span> <span class='ocrx_word' id='word_1_147' title='bbox 2123 1305 2149 1331; x_wconf 71' lang='grc' dir='ltr'><strong>ο,</strong></span> <span class='ocrx_word' id='word_1_148' title='bbox 2157 1305 2179 1330; x_wconf 82' lang='grc' dir='ltr'><strong>ο</strong></span> <span class='ocrx_word' id='word_1_149' title='bbox 2207 1296 2252 1330; x_wconf 83' lang='lat' dir='ltr'><strong>di</strong></span> <span class='ocrx_word' id='word_1_150' title='bbox 2261 1295 2336 1330; x_wconf 77' lang='lat' dir='ltr'><strong>lab</strong></span> <span class='ocrx_word' id='word_1_151' title='bbox 2346 1303 2367 1327; x_wconf 81' lang='grc' dir='ltr'><strong>ο</strong></span> <span class='ocrx_word' id='word_1_152' title='bbox 2376 1300 2390 1327; x_wconf 87' lang='lat' dir='ltr'><strong>t</strong></span> <span class='ocrx_word' id='word_1_153' title='bbox 2398 1303 2421 1327; x_wconf 85' lang='lat' dir='ltr'><strong>u</strong></span> <span class='ocrx_word' id='word_1_154' title='bbox 2430 1302 2461 1329; x_wconf 70' lang='grc' dir='ltr'><strong>Γ.</strong></span> 
     </span>
     <span class='ocr_line' id='line_1_14' title="bbox 478 1345 2463 1395; baseline -0.003 -7"><span class='ocrx_word' id='word_1_155' title='bbox 478 1355 631 1389; x_wconf 78' lang='lat' dir='ltr'><strong>Rectius</strong></span> <span class='ocrx_word' id='word_1_156' title='bbox 659 1352 834 1384; x_wconf 77' lang='lat' dir='ltr'><strong>vertisset</strong></span> <span class='ocrx_word' id='word_1_157' title='bbox 859 1349 1048 1391; x_wconf 84' lang='lat' dir='ltr'><strong>perditu</strong></span> <span class='ocrx_word' id='word_1_158' title='bbox 1059 1357 1078 1380; x_wconf 90' lang='lat' dir='ltr'><strong>s</strong></span> <span class='ocrx_word' id='word_1_159' title='bbox 1099 1357 1154 1382; x_wconf 83' lang='lat' dir='ltr'><strong>ae</strong></span> <span class='ocrx_word' id='word_1_160' title='bbox 1179 1349 1372 1390; x_wconf 80' lang='lat' dir='ltr'><strong>dilapsu</strong></span> <span class='ocrx_word' id='word_1_161' title='bbox 1384 1358 1403 1380; x_wconf 84' lang='lat' dir='ltr'><strong>s</strong></span> <span class='ocrx_word' id='word_1_162' title='bbox 1426 1358 1447 1382; x_wconf 93' lang='lat' dir='ltr'><strong>e</strong></span> <span class='ocrx_word' id='word_1_163' title='bbox 1459 1349 1543 1382; x_wconf 82' lang='lat' dir='ltr'><strong>rit:</strong></span> <span class='ocrx_word' id='word_1_164' title='bbox 1567 1355 1626 1382; x_wconf 85' lang='lat' dir='ltr'><strong>est</strong></span> <span class='ocrx_word' id='word_1_165' title='bbox 1642 1349 1738 1383; x_wconf 86' lang='lat' dir='ltr'><strong>euim</strong></span> <span class='ocrx_word' id='word_1_166' title='bbox 1754 1348 1847 1383; x_wconf 82' lang='lat' dir='ltr'><strong>idem</strong></span> <span class='ocrx_word' id='word_1_167' title='bbox 1860 1349 1954 1391; x_wconf 83' lang='lat' dir='ltr'><strong>quod</strong></span> <span class='ocrx_word' id='word_1_168' title='bbox 1969 1345 2183 1395; x_wconf 69' lang='grc' dir='ltr'><strong>διιφθαρὸν</strong></span> <span class='ocrx_word' id='word_1_169' title='bbox 2200 1349 2263 1383; x_wconf 71' lang='lat' dir='ltr'><strong>nal</strong></span> <span class='ocrx_word' id='word_1_170' title='bbox 2278 1345 2463 1383; x_wconf 62' lang='lat' dir='ltr'><strong>omanem</strong></span> 
     </span>
    </p>
   </div>
   <div class='ocr_carea' id='block_1_4' title="bbox 409 1396 2463 2567">
    <p class='ocr_par' dir='ltr' id='par_1_4' title="bbox 477 1396 2463 1892">
     <span class='ocr_line' id='line_1_15' title="bbox 477 1396 2461 1450; baseline -0.005 -4"><span class='ocrx_word' id='word_1_171' title='bbox 477 1408 599 1449; x_wconf 73' lang='grc' dir='ltr'><strong><em>ἔσται,</em></strong></span> <span class='ocrx_word' id='word_1_172' title='bbox 623 1407 717 1450; x_wconf 87' lang='lat' dir='ltr'><strong>quod</strong></span> <span class='ocrx_word' id='word_1_173' title='bbox 745 1406 838 1440; x_wconf 81' lang='lat' dir='ltr'><strong>satis</strong></span> <span class='ocrx_word' id='word_1_174' title='bbox 863 1405 984 1448; x_wconf 78' lang='lat' dir='ltr'><strong>arguit</strong></span> <span class='ocrx_word' id='word_1_175' title='bbox 1006 1405 1207 1446; x_wconf 85' lang='lat' dir='ltr'><strong>oppositum</strong></span> <span class='ocrx_word' id='word_1_176' title='bbox 1224 1396 1261 1449; x_wconf 79' lang='grc' dir='ltr'><strong>ᾖ.</strong></span> <span class='ocrx_word' id='word_1_177' title='bbox 1308 1406 1367 1439; x_wconf 86' lang='lat' dir='ltr'><strong>Sic</strong></span> <span class='ocrx_word' id='word_1_178' title='bbox 1383 1416 1418 1446; x_wconf 87' lang='lat' dir='ltr'><strong>p.</strong></span> <span class='ocrx_word' id='word_1_179' title='bbox 1438 1406 1519 1448; x_wconf 85' lang='lat'><strong>100,</strong></span> <span class='ocrx_word' id='word_1_180' title='bbox 1540 1407 1597 1439; x_wconf 78' lang='lat'><strong>13.</strong></span> <span class='ocrx_word' id='word_1_181' title='bbox 1617 1400 1866 1448; x_wconf 73' lang='grc' dir='ltr'><strong><em>πεισθήσεσθε</em></strong></span> <span class='ocrx_word' id='word_1_182' title='bbox 1884 1409 1941 1437; x_wconf 81' lang='lat' dir='ltr'><strong>est</strong></span> <span class='ocrx_word' id='word_1_183' title='bbox 1957 1403 1983 1437; x_wconf 88' lang='lat' dir='ltr'><strong>i.</strong></span> <span class='ocrx_word' id='word_1_184' title='bbox 2001 1413 2038 1445; x_wconf 82' lang='lat' dir='ltr'><strong>q.</strong></span> <span class='ocrx_word' id='word_1_185' title='bbox 2059 1403 2272 1441; x_wconf 69' lang='grc' dir='ltr'><strong>πεισθέντες</strong></span> <span class='ocrx_word' id='word_1_186' title='bbox 2287 1401 2461 1438; x_wconf 65' lang='lat' dir='ltr'><strong>tanco-“-</strong></span> 
     </span>
     <span class='ocr_line' id='line_1_16' title="bbox 481 1452 2463 1505; baseline -0.001 -12"><span class='ocrx_word' id='word_1_187' title='bbox 481 1466 584 1505; x_wconf 76' lang='lat' dir='ltr'><strong>Quae</strong></span> <span class='ocrx_word' id='word_1_188' title='bbox 602 1469 710 1501; x_wconf 83' lang='lat' dir='ltr'><strong>quum</strong></span> <span class='ocrx_word' id='word_1_189' title='bbox 728 1460 784 1492; x_wconf 80' lang='lat' dir='ltr'><strong>ita</strong></span> <span class='ocrx_word' id='word_1_190' title='bbox 805 1460 900 1502; x_wconf 89' lang='lat' dir='ltr'><strong>sint,</strong></span> <span class='ocrx_word' id='word_1_191' title='bbox 923 1455 1167 1502; x_wconf 74' lang='grc' dir='ltr'><strong>γενηθήσεται</strong></span> <span class='ocrx_word' id='word_1_192' title='bbox 1192 1465 1332 1499; x_wconf 85' lang='lat' dir='ltr'><strong>quoque</strong></span> <span class='ocrx_word' id='word_1_193' title='bbox 1349 1458 1552 1491; x_wconf 77' lang='lat' dir='ltr'><strong>dissolvere</strong></span> <span class='ocrx_word' id='word_1_194' title='bbox 1569 1458 1692 1491; x_wconf 83' lang='lat' dir='ltr'><strong>licebit</strong></span> <span class='ocrx_word' id='word_1_195' title='bbox 1707 1457 1744 1489; x_wconf 90' lang='lat' dir='ltr'><strong>in</strong></span> <span class='ocrx_word' id='word_1_196' title='bbox 1761 1452 1918 1502; x_wconf 70' lang='grc' dir='ltr'><strong><em>γενηθέν</em></strong></span> <span class='ocrx_word' id='word_1_197' title='bbox 1934 1452 2056 1497; x_wconf 67' lang='grc' dir='ltr'><strong><em>ἔσται,</em></strong></span> <span class='ocrx_word' id='word_1_198' title='bbox 2076 1456 2170 1498; x_wconf 84' lang='lat' dir='ltr'><strong>quod</strong></span> <span class='ocrx_word' id='word_1_199' title='bbox 2186 1465 2294 1498; x_wconf 84' lang='lat' dir='ltr'><strong>quum</strong></span> <span class='ocrx_word' id='word_1_200' title='bbox 2309 1457 2370 1501; x_wconf 83' lang='lat' dir='ltr'><strong>lit,</strong></span> <span class='ocrx_word' id='word_1_201' title='bbox 2391 1465 2463 1491; x_wconf 88' lang='lat' dir='ltr'><strong>uon</strong></span> 
     </span>
     <span class='ocr_line' id='line_1_17' title="bbox 483 1508 2463 1559; baseline -0.003 -8"><span class='ocrx_word' id='word_1_202' title='bbox 483 1519 601 1553; x_wconf 81' lang='lat' dir='ltr'><strong>solum</strong></span> <span class='ocrx_word' id='word_1_203' title='bbox 624 1523 695 1548; x_wconf 90' lang='lat' dir='ltr'><strong>non</strong></span> <span class='ocrx_word' id='word_1_204' title='bbox 721 1514 984 1548; x_wconf 73' lang='lat' dir='ltr'><strong>desiderabitur</strong></span> <span class='ocrx_word' id='word_1_205' title='bbox 1009 1511 1241 1559; x_wconf 70' lang='grc' dir='ltr'><strong><em>γεγινήσεται</em></strong></span> <span class='ocrx_word' id='word_1_206' title='bbox 1263 1514 1326 1547; x_wconf 85' lang='lat' dir='ltr'><strong>sed</strong></span> <span class='ocrx_word' id='word_1_207' title='bbox 1354 1510 1597 1559; x_wconf 71' lang='grc' dir='ltr'><strong>γενηθήσεται</strong></span> <span class='ocrx_word' id='word_1_208' title='bbox 1620 1513 1691 1548; x_wconf 79' lang='lat' dir='ltr'><strong>erit</strong></span> <span class='ocrx_word' id='word_1_209' title='bbox 1715 1512 1897 1554; x_wconf 80' lang='lat' dir='ltr'><strong>aliquanto</strong></span> <span class='ocrx_word' id='word_1_210' title='bbox 1914 1508 2023 1545; x_wconf 80' lang='lat' dir='ltr'><strong>etiam</strong></span> <span class='ocrx_word' id='word_1_211' title='bbox 2040 1511 2341 1546; x_wconf 52' lang='lat' dir='ltr'><strong>&amp;commodatius</strong></span> <span class='ocrx_word' id='word_1_212' title='bbox 2357 1513 2463 1547; x_wconf 75' lang='lat' dir='ltr'><strong>liuius</strong></span> 
     </span>
     <span class='ocr_line' id='line_1_18' title="bbox 483 1566 2462 1614; baseline -0.003 -6"><span class='ocrx_word' id='word_1_213' title='bbox 483 1574 556 1610; x_wconf 90' lang='lat' dir='ltr'><strong>loci</strong></span> <span class='ocrx_word' id='word_1_214' title='bbox 582 1570 783 1604; x_wconf 80' lang='lat' dir='ltr'><strong>sententiae</strong></span> <span class='ocrx_word' id='word_1_215' title='bbox 812 1577 918 1612; x_wconf 84' lang='lat' dir='ltr'><strong>quam</strong></span> <span class='ocrx_word' id='word_1_216' title='bbox 942 1566 1185 1614; x_wconf 75' lang='grc' dir='ltr'><strong><em>γεγινήσιται.</em></strong></span> <span class='ocrx_word' id='word_1_217' title='bbox 1231 1567 1274 1602; x_wconf 84' lang='lat' dir='ltr'><strong>ln</strong></span> <span class='ocrx_word' id='word_1_218' title='bbox 1298 1568 1451 1610; x_wconf 84' lang='lat' dir='ltr'><strong>singulis</strong></span> <span class='ocrx_word' id='word_1_219' title='bbox 1470 1569 1564 1603; x_wconf 80' lang='lat' dir='ltr'><strong>enim</strong></span> <span class='ocrx_word' id='word_1_220' title='bbox 1589 1567 1808 1610; x_wconf 80' lang='lat' dir='ltr'><strong>temporibus</strong></span> <span class='ocrx_word' id='word_1_221' title='bbox 1826 1575 1851 1602; x_wconf 88' lang='lat' dir='ltr'><strong>a</strong></span> <span class='ocrx_word' id='word_1_222' title='bbox 1868 1567 2019 1602; x_wconf 82' lang='lat' dir='ltr'><strong>Platone</strong></span> <span class='ocrx_word' id='word_1_223' title='bbox 2036 1568 2171 1602; x_wconf 88' lang='lat' dir='ltr'><strong>notioni</strong></span> <span class='ocrx_word' id='word_1_224' title='bbox 2188 1576 2295 1603; x_wconf 77' lang='lat' dir='ltr'><strong>esse</strong></span> <span class='ocrx_word' id='word_1_225' title='bbox 2312 1568 2462 1611; x_wconf 85' lang='lat' dir='ltr'><strong>opponi-</strong></span> 
     </span>
     <span class='ocr_line' id='line_1_19' title="bbox 483 1623 2462 1670; baseline -0.001 -7"><span class='ocrx_word' id='word_1_226' title='bbox 483 1636 543 1663; x_wconf 87' lang='lat' dir='ltr'><strong>tur</strong></span> <span class='ocrx_word' id='word_1_227' title='bbox 565 1626 663 1661; x_wconf 87' lang='lat' dir='ltr'><strong>notio</strong></span> <span class='ocrx_word' id='word_1_228' title='bbox 682 1624 800 1658; x_wconf 77' lang='lat' dir='ltr'><strong>fieri</strong></span> <span class='ocrx_word' id='word_1_229' title='bbox 813 1647 824 1668; x_wconf 93' lang='lat'><strong>,</strong></span> <span class='ocrx_word' id='word_1_230' title='bbox 853 1625 1034 1667; x_wconf 86' lang='lat' dir='ltr'><strong>posterior</strong></span> <span class='ocrx_word' id='word_1_231' title='bbox 1057 1630 1179 1660; x_wconf 88' lang='lat' dir='ltr'><strong>autem</strong></span> <span class='ocrx_word' id='word_1_232' title='bbox 1209 1632 1338 1659; x_wconf 85' lang='lat' dir='ltr'><strong>rursus</strong></span> <span class='ocrx_word' id='word_1_233' title='bbox 1365 1623 1556 1667; x_wconf 82' lang='lat' dir='ltr'><strong>dupliciter</strong></span> <span class='ocrx_word' id='word_1_234' title='bbox 1576 1624 1750 1661; x_wconf 78' lang='lat' dir='ltr'><strong>dividitur</strong></span> <span class='ocrx_word' id='word_1_235' title='bbox 1777 1623 1852 1670; x_wconf 81' lang='lat' dir='ltr'><strong>ita,</strong></span> <span class='ocrx_word' id='word_1_236' title='bbox 1874 1628 1915 1658; x_wconf 87' lang='lat' dir='ltr'><strong>nt</strong></span> <span class='ocrx_word' id='word_1_237' title='bbox 1939 1632 2002 1660; x_wconf 85' lang='lat' dir='ltr'><strong>res</strong></span> <span class='ocrx_word' id='word_1_238' title='bbox 2026 1629 2091 1660; x_wconf 84' lang='lat' dir='ltr'><strong>aut</strong></span> <span class='ocrx_word' id='word_1_239' title='bbox 2116 1624 2244 1660; x_wconf 68' lang='lat' dir='ltr'><strong>flens</strong></span> <span class='ocrx_word' id='word_1_240' title='bbox 2266 1624 2334 1665; x_wconf 85' lang='lat' dir='ltr'><strong>(sit</strong></span> <span class='ocrx_word' id='word_1_241' title='bbox 2352 1625 2462 1662; x_wconf 82' lang='lat' dir='ltr'><strong>venia</strong></span> 
     </span>
     <span class='ocr_line' id='line_1_20' title="bbox 483 1680 2462 1726; baseline -0.001 -7"><span class='ocrx_word' id='word_1_242' title='bbox 483 1686 616 1722; x_wconf 80' lang='lat' dir='ltr'><strong>verbo)</strong></span> <span class='ocrx_word' id='word_1_243' title='bbox 637 1683 778 1715; x_wconf 81' lang='lat' dir='ltr'><strong>dicatur</strong></span> <span class='ocrx_word' id='word_1_244' title='bbox 801 1687 865 1714; x_wconf 82' lang='lat' dir='ltr'><strong>aut</strong></span> <span class='ocrx_word' id='word_1_245' title='bbox 885 1682 1034 1713; x_wconf 67' lang='lat' dir='ltr'><strong>facta.</strong></span> <span class='ocrx_word' id='word_1_246' title='bbox 1079 1682 1192 1712; x_wconf 71' lang='lat' dir='ltr'><strong>Piens</strong></span> <span class='ocrx_word' id='word_1_247' title='bbox 1210 1688 1330 1714; x_wconf 79' lang='lat' dir='ltr'><strong>autem</strong></span> <span class='ocrx_word' id='word_1_248' title='bbox 1346 1691 1408 1714; x_wconf 85' lang='lat' dir='ltr'><strong>res</strong></span> <span class='ocrx_word' id='word_1_249' title='bbox 1427 1691 1506 1715; x_wconf 83' lang='lat' dir='ltr'><strong>cum</strong></span> <span class='ocrx_word' id='word_1_250' title='bbox 1526 1689 1593 1723; x_wconf 83' lang='lat' dir='ltr'><strong>ea,</strong></span> <span class='ocrx_word' id='word_1_251' title='bbox 1615 1689 1708 1722; x_wconf 84' lang='lat' dir='ltr'><strong>quae</strong></span> <span class='ocrx_word' id='word_1_252' title='bbox 1723 1689 1745 1713; x_wconf 87' lang='lat' dir='ltr'><strong>e</strong></span> <span class='ocrx_word' id='word_1_253' title='bbox 1757 1686 1820 1725; x_wconf 88' lang='lat' dir='ltr'><strong>st,</strong></span> <span class='ocrx_word' id='word_1_254' title='bbox 1843 1680 1880 1712; x_wconf 88' lang='lat' dir='ltr'><strong>id</strong></span> <span class='ocrx_word' id='word_1_255' title='bbox 1898 1681 2006 1714; x_wconf 76' lang='lat' dir='ltr'><strong>habet</strong></span> <span class='ocrx_word' id='word_1_256' title='bbox 2023 1687 2229 1726; x_wconf 85' lang='lat' dir='ltr'><strong>commune,</strong></span> <span class='ocrx_word' id='word_1_257' title='bbox 2250 1681 2342 1725; x_wconf 85' lang='lat' dir='ltr'><strong>quod</strong></span> <span class='ocrx_word' id='word_1_258' title='bbox 2358 1686 2462 1717; x_wconf 80' lang='lat' dir='ltr'><strong>utra-</strong></span> 
     </span>
     <span class='ocr_line' id='line_1_21' title="bbox 483 1736 2460 1784; baseline -0.002 -10"><span class='ocrx_word' id='word_1_259' title='bbox 483 1748 554 1784; x_wconf 87' lang='lat' dir='ltr'><strong>que</strong></span> <span class='ocrx_word' id='word_1_260' title='bbox 580 1738 724 1780; x_wconf 81' lang='lat' dir='ltr'><strong>aliquod</strong></span> <span class='ocrx_word' id='word_1_261' title='bbox 749 1737 921 1778; x_wconf 82' lang='lat' dir='ltr'><strong>temporis</strong></span> <span class='ocrx_word' id='word_1_262' title='bbox 945 1736 1100 1778; x_wconf 86' lang='lat' dir='ltr'><strong>spatium</strong></span> <span class='ocrx_word' id='word_1_263' title='bbox 1121 1738 1261 1780; x_wconf 85' lang='lat' dir='ltr'><strong>explet,</strong></span> <span class='ocrx_word' id='word_1_264' title='bbox 1285 1745 1377 1778; x_wconf 82' lang='lat' dir='ltr'><strong>quae</strong></span> <span class='ocrx_word' id='word_1_265' title='bbox 1394 1744 1513 1770; x_wconf 88' lang='lat' dir='ltr'><strong>autem</strong></span> <span class='ocrx_word' id='word_1_266' title='bbox 1533 1743 1714 1777; x_wconf 73' lang='lat' dir='ltr'><strong>tamquam</strong></span> <span class='ocrx_word' id='word_1_267' title='bbox 1730 1736 1832 1769; x_wconf 75' lang='lat' dir='ltr'><strong>facta</strong></span> <span class='ocrx_word' id='word_1_268' title='bbox 1846 1736 2034 1777; x_wconf 86' lang='lat' dir='ltr'><strong>opponitur</strong></span> <span class='ocrx_word' id='word_1_269' title='bbox 2046 1737 2145 1781; x_wconf 85' lang='lat' dir='ltr'><strong>illis,</strong></span> <span class='ocrx_word' id='word_1_270' title='bbox 2167 1738 2216 1771; x_wconf 83' lang='lat' dir='ltr'><strong>ad</strong></span> <span class='ocrx_word' id='word_1_271' title='bbox 2233 1746 2314 1770; x_wconf 80' lang='lat' dir='ltr'><strong>eum</strong></span> <span class='ocrx_word' id='word_1_272' title='bbox 2331 1739 2460 1782; x_wconf 86' lang='lat' dir='ltr'><strong>solnm,</strong></span> 
     </span>
     <span class='ocr_line' id='line_1_22' title="bbox 487 1783 2459 1847; baseline -0.002 -18"><span class='ocrx_word' id='word_1_273' title='bbox 487 1802 559 1839; x_wconf 89' lang='lat' dir='ltr'><strong>quo</strong></span> <span class='ocrx_word' id='word_1_274' title='bbox 580 1793 681 1828; x_wconf 77' lang='lat' dir='ltr'><strong>facta</strong></span> <span class='ocrx_word' id='word_1_275' title='bbox 705 1797 878 1837; x_wconf 80' lang='lat' dir='ltr'><strong>apparet,</strong></span> <span class='ocrx_word' id='word_1_276' title='bbox 901 1791 1093 1827; x_wconf 80' lang='lat' dir='ltr'><strong>articulum</strong></span> <span class='ocrx_word' id='word_1_277' title='bbox 1119 1792 1289 1834; x_wconf 83' lang='lat' dir='ltr'><strong>temporis</strong></span> <span class='ocrx_word' id='word_1_278' title='bbox 1312 1792 1487 1834; x_wconf 78' lang='lat' dir='ltr'><strong>pertinet3</strong></span> <span class='ocrx_word' id='word_1_279' title='bbox 1510 1791 1604 1826; x_wconf 82' lang='lat' dir='ltr'><strong>alias</strong></span> <span class='ocrx_word' id='word_1_280' title='bbox 1620 1792 1714 1827; x_wconf 86' lang='lat' dir='ltr'><strong>enim</strong></span> <span class='ocrx_word' id='word_1_281' title='bbox 1729 1783 1905 1833; x_wconf 68' lang='lat' dir='ltr'><strong>haec&#39;non</strong></span> <span class='ocrx_word' id='word_1_282' title='bbox 1923 1793 2051 1833; x_wconf 84' lang='lat' dir='ltr'><strong>opponi</strong></span> <span class='ocrx_word' id='word_1_283' title='bbox 2064 1798 2189 1834; x_wconf 86' lang='lat' dir='ltr'><strong>posset</strong></span> <span class='ocrx_word' id='word_1_284' title='bbox 2203 1793 2239 1826; x_wconf 85' lang='lat' dir='ltr'><strong>ei</strong></span> <span class='ocrx_word' id='word_1_285' title='bbox 2252 1801 2344 1834; x_wconf 80' lang='lat' dir='ltr'><strong>qnae</strong></span> <span class='ocrx_word' id='word_1_286' title='bbox 2363 1799 2459 1847; x_wconf 68' lang='lat' dir='ltr'><strong>est,</strong></span> 
     </span>
     <span class='ocr_line' id='line_1_23' title="bbox 487 1846 2461 1892; baseline 0.001 -10"><span class='ocrx_word' id='word_1_287' title='bbox 487 1852 553 1882; x_wconf 85' lang='lat' dir='ltr'><strong>sed</strong></span> <span class='ocrx_word' id='word_1_288' title='bbox 587 1850 691 1891; x_wconf 82' lang='lat' dir='ltr'><strong>ipsa,</strong></span> <span class='ocrx_word' id='word_1_289' title='bbox 730 1855 964 1890; x_wconf 72' lang='lat' dir='ltr'><strong>posteaquam</strong></span> <span class='ocrx_word' id='word_1_290' title='bbox 995 1847 1096 1879; x_wconf 74' lang='lat' dir='ltr'><strong>faeta</strong></span> <span class='ocrx_word' id='word_1_291' title='bbox 1128 1853 1248 1891; x_wconf 81' lang='lat' dir='ltr'><strong>esset,</strong></span> <span class='ocrx_word' id='word_1_292' title='bbox 1283 1852 1506 1882; x_wconf 85' lang='lat' dir='ltr'><strong>exstaret</strong></span> <span class='ocrx_word' id='word_1_293' title='bbox 1539 1855 1604 1882; x_wconf 86' lang='lat' dir='ltr'><strong>seu</strong></span> <span class='ocrx_word' id='word_1_294' title='bbox 1636 1852 1781 1881; x_wconf 84' lang='lat' dir='ltr'><strong>esset.</strong></span> <span class='ocrx_word' id='word_1_295' title='bbox 1827 1847 1886 1884; x_wconf 78' lang='lat' dir='ltr'><strong>Ita</strong></span> <span class='ocrx_word' id='word_1_296' title='bbox 1913 1852 2034 1884; x_wconf 80' lang='lat' dir='ltr'><strong>autem</strong></span> <span class='ocrx_word' id='word_1_297' title='bbox 2072 1854 2157 1884; x_wconf 72' lang='lat' dir='ltr'><strong>sese</strong></span> <span class='ocrx_word' id='word_1_298' title='bbox 2182 1846 2336 1892; x_wconf 73' lang='lat' dir='ltr'><strong>intelligi</strong></span> <span class='ocrx_word' id='word_1_299' title='bbox 2361 1848 2461 1884; x_wconf 76' lang='lat' dir='ltr'><strong>velle</strong></span> 
     </span>
    </p>

    <p class='ocr_par' dir='ltr' id='par_1_5' title="bbox 409 1897 2463 2567">
     <span class='ocr_line' id='line_1_24' title="bbox 409 1897 2460 1949; baseline -0.001 -9"><span class='ocrx_word' id='word_1_300' title='bbox 409 1897 415 1905; x_wconf 72' lang='grc'><em>’</em></span> <span class='ocrx_word' id='word_1_301' title='bbox 489 1907 595 1940; x_wconf 86' lang='lat' dir='ltr'><strong>Plato</strong></span> <span class='ocrx_word' id='word_1_302' title='bbox 621 1905 699 1945; x_wconf 85' lang='lat' dir='ltr'><strong>ipse</strong></span> <span class='ocrx_word' id='word_1_303' title='bbox 722 1905 878 1937; x_wconf 85' lang='lat' dir='ltr'><strong>ostendit</strong></span> <span class='ocrx_word' id='word_1_304' title='bbox 903 1913 969 1946; x_wconf 89' lang='lat' dir='ltr'><strong>eo,</strong></span> <span class='ocrx_word' id='word_1_305' title='bbox 1001 1905 1094 1945; x_wconf 86' lang='lat' dir='ltr'><strong>quod</strong></span> <span class='ocrx_word' id='word_1_306' title='bbox 1118 1906 1162 1936; x_wconf 91' lang='lat' dir='ltr'><strong>de</strong></span> <span class='ocrx_word' id='word_1_307' title='bbox 1191 1906 1385 1944; x_wconf 82' lang='lat' dir='ltr'><strong>praeterito</strong></span> <span class='ocrx_word' id='word_1_308' title='bbox 1416 1910 1573 1944; x_wconf 87' lang='lat' dir='ltr'><strong>tempore</strong></span> <span class='ocrx_word' id='word_1_309' title='bbox 1598 1912 1668 1936; x_wconf 89' lang='lat' dir='ltr'><strong>non</strong></span> <span class='ocrx_word' id='word_1_310' title='bbox 1691 1905 1808 1937; x_wconf 86' lang='lat' dir='ltr'><strong>minus</strong></span> <span class='ocrx_word' id='word_1_311' title='bbox 1835 1912 1942 1946; x_wconf 83' lang='lat' dir='ltr'><strong>quam</strong></span> <span class='ocrx_word' id='word_1_312' title='bbox 1957 1905 2001 1937; x_wconf 82' lang='lat' dir='ltr'><strong>de</strong></span> <span class='ocrx_word' id='word_1_313' title='bbox 2016 1904 2199 1946; x_wconf 82' lang='lat' dir='ltr'><strong>praesenti</strong></span> <span class='ocrx_word' id='word_1_314' title='bbox 2217 1903 2307 1937; x_wconf 66' lang='lat' dir='ltr'><strong>dlxiv</strong></span> <span class='ocrx_word' id='word_1_315' title='bbox 2324 1902 2460 1949; x_wconf 68' lang='grc' dir='ltr'><strong><em>γέγονε.</em></strong></span> 
     </span>
     <span class='ocr_line' id='line_1_25' title="bbox 488 1958 2460 2005; baseline -0.002 -9"><span class='ocrx_word' id='word_1_316' title='bbox 488 1959 664 1996; x_wconf 81' lang='lat' dir='ltr'><strong>Exstaudi</strong></span> <span class='ocrx_word' id='word_1_317' title='bbox 691 1958 785 1993; x_wconf 88' lang='lat' dir='ltr'><strong>enim</strong></span> <span class='ocrx_word' id='word_1_318' title='bbox 810 1958 929 2005; x_wconf 88' lang='lat' dir='ltr'><strong>notio,</strong></span> <span class='ocrx_word' id='word_1_319' title='bbox 961 1966 1054 2002; x_wconf 87' lang='lat' dir='ltr'><strong>quae</strong></span> <span class='ocrx_word' id='word_1_320' title='bbox 1086 1960 1153 1993; x_wconf 79' lang='lat' dir='ltr'><strong>liac</strong></span> <span class='ocrx_word' id='word_1_321' title='bbox 1182 1959 1298 1995; x_wconf 72' lang='lat' dir='ltr'><strong>forma</strong></span> <span class='ocrx_word' id='word_1_322' title='bbox 1324 1959 1545 2003; x_wconf 80' lang='lat' dir='ltr'><strong>continetur,</strong></span> <span class='ocrx_word' id='word_1_323' title='bbox 1577 1967 1647 1993; x_wconf 89' lang='lat' dir='ltr'><strong>non</strong></span> <span class='ocrx_word' id='word_1_324' title='bbox 1673 1961 1829 2002; x_wconf 79' lang='lat' dir='ltr'><strong>pertinet</strong></span> <span class='ocrx_word' id='word_1_325' title='bbox 1854 1960 1927 1994; x_wconf 86' lang='lat' dir='ltr'><strong>nisi</strong></span> <span class='ocrx_word' id='word_1_326' title='bbox 1953 1961 1999 1994; x_wconf 81' lang='lat' dir='ltr'><strong>ad</strong></span> <span class='ocrx_word' id='word_1_327' title='bbox 2019 1968 2194 2002; x_wconf 84' lang='lat' dir='ltr'><strong>praesens</strong></span> <span class='ocrx_word' id='word_1_328' title='bbox 2217 1965 2357 2001; x_wconf 85' lang='lat' dir='ltr'><strong>tempus</strong></span> <span class='ocrx_word' id='word_1_329' title='bbox 2364 1971 2377 2001; x_wconf 78' lang='lat'>3</span> <span class='ocrx_word' id='word_1_330' title='bbox 2399 1961 2460 1993; x_wconf 83' lang='lat' dir='ltr'><strong>ubi</strong></span> 
     </span>
     <span class='ocr_line' id='line_1_26' title="bbox 485 2014 2461 2062; baseline 0.001 -12"><span class='ocrx_word' id='word_1_331' title='bbox 485 2018 597 2061; x_wconf 83' lang='lat' dir='ltr'><strong>igitur</strong></span> <span class='ocrx_word' id='word_1_332' title='bbox 620 2017 665 2049; x_wconf 87' lang='lat' dir='ltr'><strong>de</strong></span> <span class='ocrx_word' id='word_1_333' title='bbox 689 2016 884 2058; x_wconf 84' lang='lat' dir='ltr'><strong>praeterito</strong></span> <span class='ocrx_word' id='word_1_334' title='bbox 911 2023 958 2049; x_wconf 86' lang='lat' dir='ltr'><strong>ea</strong></span> <span class='ocrx_word' id='word_1_335' title='bbox 985 2018 1180 2057; x_wconf 88' lang='lat' dir='ltr'><strong>usurpatur</strong></span> <span class='ocrx_word' id='word_1_336' title='bbox 1203 2016 1275 2057; x_wconf 85' lang='lat' dir='ltr'><strong>ita,</strong></span> <span class='ocrx_word' id='word_1_337' title='bbox 1304 2019 1344 2048; x_wconf 85' lang='lat' dir='ltr'><strong>ut</strong></span> <span class='ocrx_word' id='word_1_338' title='bbox 1370 2015 1435 2048; x_wconf 83' lang='lat' dir='ltr'><strong>hoc</strong></span> <span class='ocrx_word' id='word_1_339' title='bbox 1461 2020 1660 2057; x_wconf 85' lang='lat' dir='ltr'><strong>opponatur</strong></span> <span class='ocrx_word' id='word_1_340' title='bbox 1688 2015 1891 2062; x_wconf 87' lang='lat' dir='ltr'><strong>praesenti,</strong></span> <span class='ocrx_word' id='word_1_341' title='bbox 1922 2016 2036 2051; x_wconf 79' lang='lat' dir='ltr'><strong>solam</strong></span> <span class='ocrx_word' id='word_1_342' title='bbox 2060 2025 2142 2052; x_wconf 78' lang='lat' dir='ltr'><strong>eam</strong></span> <span class='ocrx_word' id='word_1_343' title='bbox 2163 2014 2240 2050; x_wconf 77' lang='lat' dir='ltr'><strong>vim</strong></span> <span class='ocrx_word' id='word_1_344' title='bbox 2267 2016 2346 2051; x_wconf 88' lang='lat' dir='ltr'><strong>eins</strong></span> <span class='ocrx_word' id='word_1_345' title='bbox 2361 2023 2461 2058; x_wconf 71' lang='lat' dir='ltr'><strong>patet</strong></span> 
     </span>
     <span class='ocr_line' id='line_1_27' title="bbox 486 2071 2461 2124; baseline 0.002 -18"><span class='ocrx_word' id='word_1_346' title='bbox 486 2074 645 2124; x_wconf 52' lang='lat' dir='ltr'><strong>sp-ectari</strong></span> <span class='ocrx_word' id='word_1_347' title='bbox 669 2080 797 2113; x_wconf 83' lang='lat' dir='ltr'><strong>posse,</strong></span> <span class='ocrx_word' id='word_1_348' title='bbox 830 2080 923 2113; x_wconf 85' lang='lat' dir='ltr'><strong>quae</strong></span> <span class='ocrx_word' id='word_1_349' title='bbox 947 2079 1024 2104; x_wconf 86' lang='lat' dir='ltr'><strong>rem</strong></span> <span class='ocrx_word' id='word_1_350' title='bbox 1052 2071 1187 2103; x_wconf 76' lang='lat' dir='ltr'><strong>factam</strong></span> <span class='ocrx_word' id='word_1_351' title='bbox 1211 2071 1331 2112; x_wconf 88' lang='lat' dir='ltr'><strong>aliquo</strong></span> <span class='ocrx_word' id='word_1_352' title='bbox 1358 2071 1551 2111; x_wconf 83' lang='lat' dir='ltr'><strong>praeterito</strong></span> <span class='ocrx_word' id='word_1_353' title='bbox 1576 2077 1753 2106; x_wconf 87' lang='lat' dir='ltr'><strong>momento</strong></span> <span class='ocrx_word' id='word_1_354' title='bbox 1777 2071 1908 2114; x_wconf 72' lang='lat' dir='ltr'><strong>(noto</strong></span> <span class='ocrx_word' id='word_1_355' title='bbox 1932 2072 2120 2115; x_wconf 73' lang='lat' dir='ltr'><strong>exprImit3</strong></span> <span class='ocrx_word' id='word_1_356' title='bbox 2142 2072 2305 2116; x_wconf 78' lang='lat' dir='ltr'><strong>idemque</strong></span> <span class='ocrx_word' id='word_1_357' title='bbox 2333 2075 2461 2109; x_wconf 86' lang='lat' dir='ltr'><strong>valere</strong></span> 
     </span>
     <span class='ocr_line' id='line_1_28' title="bbox 486 2123 2461 2171; baseline -0.001 -8"><span class='ocrx_word' id='word_1_358' title='bbox 486 2135 625 2171; x_wconf 85' lang='lat' dir='ltr'><strong>oportet</strong></span> <span class='ocrx_word' id='word_1_359' title='bbox 655 2130 699 2161; x_wconf 89' lang='lat' dir='ltr'><strong>de</strong></span> <span class='ocrx_word' id='word_1_360' title='bbox 724 2130 845 2161; x_wconf 80' lang='lat' dir='ltr'><strong>futuro</strong></span> <span class='ocrx_word' id='word_1_361' title='bbox 872 2128 1045 2169; x_wconf 75' lang='lat' dir='ltr'><strong>perfecto.</strong></span> <span class='ocrx_word' id='word_1_362' title='bbox 1099 2127 1207 2167; x_wconf 81' lang='lat' dir='ltr'><strong>Atqui</strong></span> <span class='ocrx_word' id='word_1_363' title='bbox 1242 2136 1349 2168; x_wconf 84' lang='lat' dir='ltr'><strong>quum</strong></span> <span class='ocrx_word' id='word_1_364' title='bbox 1376 2123 1611 2170; x_wconf 65' lang='grc' dir='ltr'><strong>γεγενῆσεται»</strong></span> <span class='ocrx_word' id='word_1_365' title='bbox 1627 2129 1910 2169; x_wconf 76' lang='lat' dir='ltr'><strong>significaturum</strong></span> <span class='ocrx_word' id='word_1_366' title='bbox 1938 2135 2038 2162; x_wconf 82' lang='lat' dir='ltr'><strong>esset</strong></span> <span class='ocrx_word' id='word_1_367' title='bbox 2062 2130 2098 2161; x_wconf 86' lang='lat' dir='ltr'><strong>id</strong></span> <span class='ocrx_word' id='word_1_368' title='bbox 2120 2129 2214 2171; x_wconf 88' lang='lat' dir='ltr'><strong>quod</strong></span> <span class='ocrx_word' id='word_1_369' title='bbox 2234 2129 2371 2162; x_wconf 69' lang='lat' dir='ltr'><strong>tactum</strong></span> <span class='ocrx_word' id='word_1_370' title='bbox 2394 2137 2461 2162; x_wconf 84' lang='lat' dir='ltr'><strong>ex-</strong></span> 
     </span>
     <span class='ocr_line' id='line_1_29' title="bbox 489 2180 2462 2229; baseline -0.003 -11"><span class='ocrx_word' id='word_1_371' title='bbox 489 2184 600 2219; x_wconf 75' lang='lat' dir='ltr'><strong>stabit</strong></span> <span class='ocrx_word' id='word_1_372' title='bbox 623 2180 880 2229; x_wconf 76' lang='grc' dir='ltr'><strong>(γεγενημένον</strong></span> <span class='ocrx_word' id='word_1_373' title='bbox 906 2181 1046 2225; x_wconf 74' lang='grc' dir='ltr'><strong>ἕσται),</strong></span> <span class='ocrx_word' id='word_1_374' title='bbox 1077 2182 1196 2223; x_wconf 82' lang='lat' dir='ltr'><strong>aptius</strong></span> <span class='ocrx_word' id='word_1_375' title='bbox 1219 2181 1379 2216; x_wconf 79' lang='lat' dir='ltr'><strong>Platonis</strong></span> <span class='ocrx_word' id='word_1_376' title='bbox 1408 2183 1608 2216; x_wconf 83' lang='lat' dir='ltr'><strong>sententiae</strong></span> <span class='ocrx_word' id='word_1_377' title='bbox 1634 2188 1733 2224; x_wconf 85' lang='lat' dir='ltr'><strong>patet</strong></span> <span class='ocrx_word' id='word_1_378' title='bbox 1755 2191 1840 2217; x_wconf 81' lang='lat' dir='ltr'><strong>esse</strong></span> <span class='ocrx_word' id='word_1_379' title='bbox 1862 2180 2107 2229; x_wconf 71' lang='grc' dir='ltr'><strong>γενηθήσεται</strong></span> <span class='ocrx_word' id='word_1_380' title='bbox 2128 2184 2221 2226; x_wconf 87' lang='lat' dir='ltr'><strong>quod</strong></span> <span class='ocrx_word' id='word_1_381' title='bbox 2235 2184 2372 2217; x_wconf 73' lang='lat' dir='ltr'><strong>factum</strong></span> <span class='ocrx_word' id='word_1_382' title='bbox 2391 2185 2462 2218; x_wconf 69' lang='lat' dir='ltr'><strong>ali-</strong></span> 
     </span>
     <span class='ocr_line' id='line_1_30' title="bbox 486 2234 2463 2285; baseline 0.002 -12"><span class='ocrx_word' id='word_1_383' title='bbox 486 2242 626 2283; x_wconf 86' lang='lat' dir='ltr'><strong>qnando</strong></span> <span class='ocrx_word' id='word_1_384' title='bbox 658 2241 727 2273; x_wconf 85' lang='lat' dir='ltr'><strong>erit</strong></span> <span class='ocrx_word' id='word_1_385' title='bbox 759 2237 938 2284; x_wconf 72' lang='grc' dir='ltr'><strong>(γενηθὶν</strong></span> <span class='ocrx_word' id='word_1_386' title='bbox 971 2234 1103 2275; x_wconf 76' lang='grc' dir='ltr'><strong><em>ἔσται).</em></strong></span> <span class='ocrx_word' id='word_1_387' title='bbox 1160 2238 1332 2282; x_wconf 79' lang='lat' dir='ltr'><strong>Accedit,</strong></span> <span class='ocrx_word' id='word_1_388' title='bbox 1373 2239 1466 2280; x_wconf 88' lang='lat' dir='ltr'><strong>quod</strong></span> <span class='ocrx_word' id='word_1_389' title='bbox 1489 2246 1558 2271; x_wconf 91' lang='lat' dir='ltr'><strong>uon</strong></span> <span class='ocrx_word' id='word_1_390' title='bbox 1584 2239 1735 2282; x_wconf 78' lang='lat' dir='ltr'><strong>intelligi</strong></span> <span class='ocrx_word' id='word_1_391' title='bbox 1760 2245 1903 2284; x_wconf 85' lang='lat' dir='ltr'><strong>posset,</strong></span> <span class='ocrx_word' id='word_1_392' title='bbox 1929 2248 1994 2274; x_wconf 83' lang='lat' dir='ltr'><strong>cur</strong></span> <span class='ocrx_word' id='word_1_393' title='bbox 2019 2240 2146 2285; x_wconf 79' lang='lat' dir='ltr'><strong>Plato,</strong></span> <span class='ocrx_word' id='word_1_394' title='bbox 2180 2238 2213 2272; x_wconf 87' lang='lat' dir='ltr'><strong>sl</strong></span> <span class='ocrx_word' id='word_1_395' title='bbox 2233 2236 2463 2285; x_wconf 74' lang='grc' dir='ltr'><strong><em>γεγενὴσεται</em></strong></span> 
     </span>
     <span class='ocr_line' id='line_1_31' title="bbox 490 2291 2462 2340; baseline 0.002 -12"><span class='ocrx_word' id='word_1_396' title='bbox 490 2297 662 2339; x_wconf 82' lang='lat' dir='ltr'><strong>dixisset,</strong></span> <span class='ocrx_word' id='word_1_397' title='bbox 691 2304 756 2337; x_wconf 87' lang='lat' dir='ltr'><strong>pro</strong></span> <span class='ocrx_word' id='word_1_398' title='bbox 775 2295 935 2328; x_wconf 81' lang='lat' dir='ltr'><strong>inaudita</strong></span> <span class='ocrx_word' id='word_1_399' title='bbox 960 2293 1073 2327; x_wconf 81' lang='lat' dir='ltr'><strong>futuri</strong></span> <span class='ocrx_word' id='word_1_400' title='bbox 1098 2293 1216 2327; x_wconf 75' lang='lat' dir='ltr'><strong>forma</strong></span> <span class='ocrx_word' id='word_1_401' title='bbox 1238 2291 1481 2337; x_wconf 75' lang='grc' dir='ltr'><strong><em>γενηθήσεται</em></strong></span> <span class='ocrx_word' id='word_1_402' title='bbox 1509 2303 1579 2328; x_wconf 91' lang='lat' dir='ltr'><strong>non</strong></span> <span class='ocrx_word' id='word_1_403' title='bbox 1603 2304 1691 2328; x_wconf 82' lang='lat' dir='ltr'><strong>usus</strong></span> <span class='ocrx_word' id='word_1_404' title='bbox 1718 2302 1818 2329; x_wconf 84' lang='lat' dir='ltr'><strong>esset</strong></span> <span class='ocrx_word' id='word_1_405' title='bbox 1840 2295 1982 2340; x_wconf 73' lang='lat' dir='ltr'><strong>vulgari</strong></span> <span class='ocrx_word' id='word_1_406' title='bbox 2008 2292 2216 2340; x_wconf 59' lang='grc' dir='ltr'><strong><em>γοήσεται,</em></strong></span> <span class='ocrx_word' id='word_1_407' title='bbox 2235 2305 2307 2340; x_wconf 83' lang='lat' dir='ltr'><strong>qua</strong></span> <span class='ocrx_word' id='word_1_408' title='bbox 2320 2296 2462 2340; x_wconf 78' lang='lat' dir='ltr'><strong>quidem</strong></span> 
     </span>
     <span class='ocr_line' id='line_1_32' title="bbox 485 2350 2463 2395; baseline 0 -9"><span class='ocrx_word' id='word_1_409' title='bbox 485 2353 608 2395; x_wconf 91' lang='lat' dir='ltr'><strong>paullo</strong></span> <span class='ocrx_word' id='word_1_410' title='bbox 634 2358 715 2394; x_wconf 87' lang='lat' dir='ltr'><strong>post</strong></span> <span class='ocrx_word' id='word_1_411' title='bbox 741 2353 798 2391; x_wconf 78' lang='grc' dir='ltr'><strong>(Β.</strong></span> <span class='ocrx_word' id='word_1_412' title='bbox 818 2362 851 2392; x_wconf 87' lang='lat' dir='ltr'><strong>p.</strong></span> <span class='ocrx_word' id='word_1_413' title='bbox 869 2352 946 2389; x_wconf 79' lang='grc'><strong>62.)</strong></span> <span class='ocrx_word' id='word_1_414' title='bbox 970 2350 1013 2383; x_wconf 85' lang='lat' dir='ltr'><strong>de</strong></span> <span class='ocrx_word' id='word_1_415' title='bbox 1039 2351 1163 2384; x_wconf 79' lang='lat' dir='ltr'><strong>eadem</strong></span> <span class='ocrx_word' id='word_1_416' title='bbox 1185 2359 1226 2384; x_wconf 90' lang='lat' dir='ltr'><strong>re</strong></span> <span class='ocrx_word' id='word_1_417' title='bbox 1247 2352 1396 2392; x_wconf 85' lang='lat' dir='ltr'><strong>loquens</strong></span> <span class='ocrx_word' id='word_1_418' title='bbox 1415 2352 1537 2384; x_wconf 84' lang='lat' dir='ltr'><strong>utitur.</strong></span> <span class='ocrx_word' id='word_1_419' title='bbox 1584 2353 1622 2385; x_wconf 90' lang='lat' dir='ltr'><strong>Si</strong></span> <span class='ocrx_word' id='word_1_420' title='bbox 1641 2358 1760 2388; x_wconf 82' lang='lat' dir='ltr'><strong>autem</strong></span> <span class='ocrx_word' id='word_1_421' title='bbox 1780 2362 1859 2387; x_wconf 85' lang='lat' dir='ltr'><strong>eam</strong></span> <span class='ocrx_word' id='word_1_422' title='bbox 1878 2353 1923 2386; x_wconf 83' lang='lat' dir='ltr'><strong>ob</strong></span> <span class='ocrx_word' id='word_1_423' title='bbox 1940 2360 2088 2386; x_wconf 81' lang='lat' dir='ltr'><strong>cansam</strong></span> <span class='ocrx_word' id='word_1_424' title='bbox 2106 2353 2151 2385; x_wconf 90' lang='lat' dir='ltr'><strong>de</strong></span> <span class='ocrx_word' id='word_1_425' title='bbox 2167 2352 2349 2393; x_wconf 76' lang='lat' dir='ltr'><strong>genuitate</strong></span> <span class='ocrx_word' id='word_1_426' title='bbox 2368 2353 2463 2386; x_wconf 86' lang='lat' dir='ltr'><strong>scri-</strong></span> 
     </span>
     <span class='ocr_line' id='line_1_33' title="bbox 486 2402 2463 2455; baseline 0.002 -15"><span class='ocrx_word' id='word_1_427' title='bbox 486 2413 615 2449; x_wconf 81' lang='lat' dir='ltr'><strong>pturae</strong></span> <span class='ocrx_word' id='word_1_428' title='bbox 641 2403 830 2452; x_wconf 68' lang='grc' dir='ltr'><strong><em>γενήσεται</em></strong></span> <span class='ocrx_word' id='word_1_429' title='bbox 857 2402 938 2440; x_wconf 68' lang='grc' dir='ltr'><strong>οὔτε</strong></span> <span class='ocrx_word' id='word_1_430' title='bbox 963 2403 1207 2450; x_wconf 78' lang='grc' dir='ltr'><strong><em>γενηθήσεται</em></strong></span> <span class='ocrx_word' id='word_1_431' title='bbox 1232 2407 1476 2452; x_wconf 80' lang='lat' dir='ltr'><strong>dubitaveris,</strong></span> <span class='ocrx_word' id='word_1_432' title='bbox 1509 2408 1613 2451; x_wconf 89' lang='lat' dir='ltr'><strong>qnia,</strong></span> <span class='ocrx_word' id='word_1_433' title='bbox 1645 2413 1685 2442; x_wconf 85' lang='lat' dir='ltr'><strong>ut</strong></span> <span class='ocrx_word' id='word_1_434' title='bbox 1711 2415 1820 2443; x_wconf 87' lang='lat' dir='ltr'><strong>antea</strong></span> <span class='ocrx_word' id='word_1_435' title='bbox 1844 2407 2010 2455; x_wconf 64' lang='grc' dir='ltr'><strong>γέγονεν,</strong></span> <span class='ocrx_word' id='word_1_436' title='bbox 2041 2409 2094 2443; x_wconf 72' lang='lat' dir='ltr'><strong>ita</strong></span> <span class='ocrx_word' id='word_1_437' title='bbox 2111 2416 2204 2444; x_wconf 82' lang='lat' dir='ltr'><strong>nuuc</strong></span> <span class='ocrx_word' id='word_1_438' title='bbox 2219 2405 2463 2453; x_wconf 69' lang='grc' dir='ltr'><strong><em>γενηθήσεται</em></strong></span> 
     </span>
     <span class='ocr_line' id='line_1_34' title="bbox 490 2462 2462 2511; baseline 0.002 -17"><span class='ocrx_word' id='word_1_439' title='bbox 490 2464 646 2504; x_wconf 82' lang='lat' dir='ltr'><strong>priorem</strong></span> <span class='ocrx_word' id='word_1_440' title='bbox 673 2472 849 2504; x_wconf 82' lang='lat' dir='ltr'><strong>occupare</strong></span> <span class='ocrx_word' id='word_1_441' title='bbox 878 2462 1062 2494; x_wconf 70' lang='lat' dir='ltr'><strong>debuisset</strong></span> <span class='ocrx_word' id='word_1_442' title='bbox 1086 2464 1225 2505; x_wconf 87' lang='lat' dir='ltr'><strong>locum,</strong></span> <span class='ocrx_word' id='word_1_443' title='bbox 1260 2465 1352 2496; x_wconf 80' lang='lat' dir='ltr'><strong>huuc</strong></span> <span class='ocrx_word' id='word_1_444' title='bbox 1380 2469 1467 2504; x_wconf 90' lang='lat' dir='ltr'><strong>puta</strong></span> <span class='ocrx_word' id='word_1_445' title='bbox 1485 2472 1508 2497; x_wconf 90' lang='lat' dir='ltr'><strong>a</strong></span> <span class='ocrx_word' id='word_1_446' title='bbox 1526 2465 1674 2497; x_wconf 82' lang='lat' dir='ltr'><strong>Platone</strong></span> <span class='ocrx_word' id='word_1_447' title='bbox 1694 2464 1826 2498; x_wconf 82' lang='lat' dir='ltr'><strong>idcirco</strong></span> <span class='ocrx_word' id='word_1_448' title='bbox 1845 2470 2019 2499; x_wconf 82' lang='lat' dir='ltr'><strong>mutatum</strong></span> <span class='ocrx_word' id='word_1_449' title='bbox 2037 2473 2141 2511; x_wconf 83' lang='lat' dir='ltr'><strong>esse,</strong></span> <span class='ocrx_word' id='word_1_450' title='bbox 2164 2469 2227 2509; x_wconf 87' lang='lat' dir='ltr'><strong>ut,</strong></span> <span class='ocrx_word' id='word_1_451' title='bbox 2250 2470 2462 2508; x_wconf 81' lang='lat' dir='ltr'><strong>antegresso</strong></span> 
     </span>
     <span class='ocr_line' id='line_1_35' title="bbox 486 2516 2009 2567; baseline 0 -14"><span class='ocrx_word' id='word_1_452' title='bbox 486 2520 609 2553; x_wconf 76' lang='lat' dir='ltr'><strong>futuro</strong></span> <span class='ocrx_word' id='word_1_453' title='bbox 633 2516 822 2564; x_wconf 75' lang='grc' dir='ltr'><strong><em>γενήσεται</em></strong></span> <span class='ocrx_word' id='word_1_454' title='bbox 833 2540 845 2556; x_wconf 87' lang='grc'><em>,</em></span> <span class='ocrx_word' id='word_1_455' title='bbox 866 2525 910 2551; x_wconf 90' lang='lat' dir='ltr'><strong>eo</strong></span> <span class='ocrx_word' id='word_1_456' title='bbox 927 2518 1155 2551; x_wconf 77' lang='lat' dir='ltr'><strong>manifestius</strong></span> <span class='ocrx_word' id='word_1_457' title='bbox 1172 2522 1362 2559; x_wconf 85' lang='lat' dir='ltr'><strong>appareret</strong></span> <span class='ocrx_word' id='word_1_458' title='bbox 1380 2517 1439 2550; x_wconf 86' lang='lat' dir='ltr'><strong>vis</strong></span> <span class='ocrx_word' id='word_1_459' title='bbox 1459 2518 1612 2560; x_wconf 85' lang='lat' dir='ltr'><strong>passiva</strong></span> <span class='ocrx_word' id='word_1_460' title='bbox 1628 2517 1740 2553; x_wconf 78' lang='lat' dir='ltr'><strong>futuri</strong></span> <span class='ocrx_word' id='word_1_461' title='bbox 1755 2516 2009 2567; x_wconf 71' lang='grc' dir='ltr'><strong><em>γινηθήσησι.</em></strong></span> 
     </span>
    </p>
   </div>
   <div class='ocr_carea' id='block_1_5' title="bbox 416 2602 2463 2987">
    <p class='ocr_par' dir='ltr' id='par_1_6' title="bbox 416 2602 2463 2987">
     <span class='ocr_line' id='line_1_36' title="bbox 416 2602 2463 2649; baseline 0.001 -12"><span class='ocrx_word' id='word_1_462' title='bbox 416 2605 458 2644; x_wconf 80' lang='grc'><strong>*)</strong></span> <span class='ocrx_word' id='word_1_463' title='bbox 483 2604 660 2637; x_wconf 85' lang='lat' dir='ltr'><strong>Passivae</strong></span> <span class='ocrx_word' id='word_1_464' title='bbox 682 2604 787 2636; x_wconf 77' lang='lat' dir='ltr'><strong>liuius</strong></span> <span class='ocrx_word' id='word_1_465' title='bbox 811 2602 922 2637; x_wconf 75' lang='lat' dir='ltr'><strong>futuri</strong></span> <span class='ocrx_word' id='word_1_466' title='bbox 940 2603 1077 2636; x_wconf 72' lang='lat' dir='ltr'><strong>formae</strong></span> <span class='ocrx_word' id='word_1_467' title='bbox 1093 2603 1187 2644; x_wconf 85' lang='lat' dir='ltr'><strong>apud</strong></span> <span class='ocrx_word' id='word_1_468' title='bbox 1207 2603 1405 2636; x_wconf 83' lang='lat' dir='ltr'><strong>Varronem</strong></span> <span class='ocrx_word' id='word_1_469' title='bbox 1421 2603 1561 2645; x_wconf 86' lang='lat' dir='ltr'><strong>quidem</strong></span> <span class='ocrx_word' id='word_1_470' title='bbox 1576 2605 1677 2638; x_wconf 86' lang='lat' dir='ltr'><strong>nulla</strong></span> <span class='ocrx_word' id='word_1_471' title='bbox 1693 2604 1733 2638; x_wconf 70' lang='lat' dir='ltr'><strong>fit</strong></span> <span class='ocrx_word' id='word_1_472' title='bbox 1750 2605 1894 2649; x_wconf 53' lang='lat' dir='ltr'><strong>memo.</strong></span> <span class='ocrx_word' id='word_1_473' title='bbox 1940 2604 2105 2638; x_wconf 73' lang='lat' dir='ltr'><strong>Gellio</strong></span> <span class='ocrx_word' id='word_1_474' title='bbox 2116 2612 2136 2636; x_wconf 89' lang='lat' dir='ltr'><strong>s</strong></span> <span class='ocrx_word' id='word_1_475' title='bbox 2151 2608 2270 2638; x_wconf 82' lang='lat' dir='ltr'><strong>autem</strong></span> <span class='ocrx_word' id='word_1_476' title='bbox 2284 2605 2330 2638; x_wconf 87' lang='lat' dir='ltr'><strong>de</strong></span> <span class='ocrx_word' id='word_1_477' title='bbox 2348 2605 2463 2648; x_wconf 84' lang='lat' dir='ltr'><strong>signi·</strong></span> 
     </span>
     <span class='ocr_line' id='line_1_37' title="bbox 491 2658 2462 2704; baseline 0.002 -12"><span class='ocrx_word' id='word_1_478' title='bbox 491 2659 659 2692; x_wconf 79' lang='lat' dir='ltr'><strong>ficatione</strong></span> <span class='ocrx_word' id='word_1_479' title='bbox 689 2659 767 2691; x_wconf 87' lang='lat' dir='ltr'><strong>eius</strong></span> <span class='ocrx_word' id='word_1_480' title='bbox 791 2666 915 2692; x_wconf 84' lang='lat' dir='ltr'><strong>narrat</strong></span> <span class='ocrx_word' id='word_1_481' title='bbox 942 2665 979 2691; x_wconf 87' lang='lat' dir='ltr'><strong>et</strong></span> <span class='ocrx_word' id='word_1_482' title='bbox 1006 2659 1171 2699; x_wconf 74' lang='lat' dir='ltr'><strong>antiquos</strong></span> <span class='ocrx_word' id='word_1_483' title='bbox 1194 2659 1266 2690; x_wconf 86' lang='lat' dir='ltr'><strong>iam</strong></span> <span class='ocrx_word' id='word_1_484' title='bbox 1289 2658 1564 2692; x_wconf 79' lang='lat' dir='ltr'><strong>iurisconsultos</strong></span> <span class='ocrx_word' id='word_1_485' title='bbox 1584 2661 1770 2693; x_wconf 75' lang='lat' dir='ltr'><strong>dubitasse</strong></span> <span class='ocrx_word' id='word_1_486' title='bbox 1786 2666 1824 2694; x_wconf 83' lang='lat' dir='ltr'><strong>et</strong></span> <span class='ocrx_word' id='word_1_487' title='bbox 1839 2660 2075 2702; x_wconf 74' lang='lat' dir='ltr'><strong>Nigidium</strong></span> <span class='ocrx_word' id='word_1_488' title='bbox 2090 2660 2379 2704; x_wconf 69' lang='lat' dir='ltr'><strong>grammaticum,</strong></span> <span class='ocrx_word' id='word_1_489' title='bbox 2400 2661 2462 2704; x_wconf 87' lang='lat' dir='ltr'><strong>qui</strong></span> 
     </span>
     <span class='ocr_line' id='line_1_38' title="bbox 490 2713 2462 2758; baseline 0.003 -11"><span class='ocrx_word' id='word_1_490' title='bbox 490 2719 570 2747; x_wconf 86' lang='lat' dir='ltr'><strong>erat</strong></span> <span class='ocrx_word' id='word_1_491' title='bbox 599 2714 784 2746; x_wconf 85' lang='lat' dir='ltr'><strong>ciceronis</strong></span> <span class='ocrx_word' id='word_1_492' title='bbox 818 2714 1002 2758; x_wconf 85' lang='lat' dir='ltr'><strong>aequalis,</strong></span> <span class='ocrx_word' id='word_1_493' title='bbox 1038 2714 1258 2756; x_wconf 76' lang='lat' dir='ltr'><strong>singularem</strong></span> <span class='ocrx_word' id='word_1_494' title='bbox 1293 2713 1486 2756; x_wconf 66' lang='lat' dir='ltr'><strong>scripsisse</strong></span> <span class='ocrx_word' id='word_1_495' title='bbox 1517 2715 1818 2749; x_wconf 86' lang='lat' dir='ltr'><strong>commentarium.</strong></span> <span class='ocrx_word' id='word_1_496' title='bbox 1864 2716 1988 2752; x_wconf 78' lang='lat' dir='ltr'><strong>Verba</strong></span> <span class='ocrx_word' id='word_1_497' title='bbox 2022 2716 2116 2752; x_wconf 83' lang='lat' dir='ltr'><strong>enlm</strong></span> <span class='ocrx_word' id='word_1_498' title='bbox 2148 2717 2227 2752; x_wconf 87' lang='lat' dir='ltr'><strong>elus</strong></span> <span class='ocrx_word' id='word_1_499' title='bbox 2249 2717 2312 2751; x_wconf 82' lang='lat' dir='ltr'><strong>lib·</strong></span> <span class='ocrx_word' id='word_1_500' title='bbox 2339 2717 2462 2753; x_wconf 87' lang='lat' dir='ltr'>xv11.</span> 
     </span>
     <span class='ocr_line' id='line_1_39' title="bbox 490 2769 2460 2817; baseline 0.003 -14"><span class='ocrx_word' id='word_1_501' title='bbox 490 2770 647 2804; x_wconf 86' lang='lat' dir='ltr'><strong>noctium</strong></span> <span class='ocrx_word' id='word_1_502' title='bbox 668 2769 870 2803; x_wconf 81' lang='lat' dir='ltr'><strong>Atticarum</strong></span> <span class='ocrx_word' id='word_1_503' title='bbox 896 2777 976 2810; x_wconf 86' lang='lat' dir='ltr'><strong>cap.</strong></span> <span class='ocrx_word' id='word_1_504' title='bbox 999 2771 1035 2805; x_wconf 83' lang='lat'><strong>7.</strong></span> <span class='ocrx_word' id='word_1_505' title='bbox 1063 2771 1231 2811; x_wconf 80' lang='lat' dir='ltr'><strong>leguntur</strong></span> <span class='ocrx_word' id='word_1_506' title='bbox 1257 2773 1412 2804; x_wconf 81' lang='lat' dir='ltr'><strong>haecce:</strong></span> <span class='ocrx_word' id='word_1_507' title='bbox 1445 2771 1591 2817; x_wconf 78' lang='lat' dir='ltr'><strong>„Legis</strong></span> <span class='ocrx_word' id='word_1_508' title='bbox 1606 2771 1753 2811; x_wconf 60' lang='lat' dir='ltr'><strong>‚veteris</strong></span> <span class='ocrx_word' id='word_1_509' title='bbox 1775 2771 1922 2807; x_wconf 76' lang='lat' dir='ltr'><strong>Atiniae</strong></span> <span class='ocrx_word' id='word_1_510' title='bbox 1946 2774 2061 2808; x_wconf 82' lang='lat' dir='ltr'><strong>verba</strong></span> <span class='ocrx_word' id='word_1_511' title='bbox 2086 2775 2175 2807; x_wconf 76' lang='lat' dir='ltr'><strong>haec</strong></span> <span class='ocrx_word' id='word_1_512' title='bbox 2195 2778 2298 2807; x_wconf 82' lang='lat' dir='ltr'><strong>sunt:</strong></span> <span class='ocrx_word' id='word_1_513' title='bbox 2319 2774 2460 2814; x_wconf 79' lang='lat' dir='ltr'><strong>QUOD.</strong></span> 
     </span>
     <span class='ocr_line' id='line_1_40' title="bbox 489 2824 2462 2870; baseline 0.003 -11"><span class='ocrx_word' id='word_1_514' title='bbox 489 2825 782 2860; x_wconf 78' lang='lat' dir='ltr'><strong>SUBREPTUM.</strong></span> <span class='ocrx_word' id='word_1_515' title='bbox 804 2824 928 2860; x_wconf 78' lang='lat' dir='ltr'><strong>mm.</strong></span> <span class='ocrx_word' id='word_1_516' title='bbox 951 2826 1070 2860; x_wconf 77' lang='lat' dir='ltr'><strong>mus.</strong></span> <span class='ocrx_word' id='word_1_517' title='bbox 1092 2825 1188 2860; x_wconf 76' lang='lat' dir='ltr'><strong>mu.</strong></span> <span class='ocrx_word' id='word_1_518' title='bbox 1214 2826 1452 2862; x_wconf 77' lang='lat' dir='ltr'>AETERNA.</span> <span class='ocrx_word' id='word_1_519' title='bbox 1474 2826 1784 2863; x_wconf 67' lang='lat' dir='ltr'><strong>AucronuAs.</strong></span> <span class='ocrx_word' id='word_1_520' title='bbox 1806 2828 1937 2862; x_wconf 74' lang='lat'>1:810.</span> <span class='ocrx_word' id='word_1_521' title='bbox 1971 2829 2061 2869; x_wconf 71' lang='lat' dir='ltr'><strong>onis</strong></span> <span class='ocrx_word' id='word_1_522' title='bbox 2075 2830 2174 2863; x_wconf 82' lang='lat' dir='ltr'><strong>aliud</strong></span> <span class='ocrx_word' id='word_1_523' title='bbox 2189 2834 2289 2870; x_wconf 77' lang='lat' dir='ltr'><strong>putet</strong></span> <span class='ocrx_word' id='word_1_524' title='bbox 2306 2829 2344 2863; x_wconf 84' lang='lat' dir='ltr'><strong>ln</strong></span> <span class='ocrx_word' id='word_1_525' title='bbox 2360 2831 2462 2865; x_wconf 76' lang='lat' dir='ltr'><strong>hisce</strong></span> 
     </span>
     <span class='ocr_line' id='line_1_41' title="bbox 490 2868 2461 2928; baseline 0.004 -14"><span class='ocrx_word' id='word_1_526' title='bbox 490 2882 640 2925; x_wconf 79' lang='lat' dir='ltr'><strong>verbis,</strong></span> <span class='ocrx_word' id='word_1_527' title='bbox 661 2890 769 2924; x_wconf 81' lang='lat' dir='ltr'><strong>quam</strong></span> <span class='ocrx_word' id='word_1_528' title='bbox 793 2868 852 2915; x_wconf 59' lang='lat' dir='ltr'>U</span> <span class='ocrx_word' id='word_1_529' title='bbox 864 2885 1025 2925; x_wconf 83' lang='lat' dir='ltr'><strong>tempore</strong></span> <span class='ocrx_word' id='word_1_530' title='bbox 1050 2886 1189 2917; x_wconf 84' lang='lat' dir='ltr'><strong>tantum</strong></span> <span class='ocrx_word' id='word_1_531' title='bbox 1211 2883 1333 2918; x_wconf 74' lang='lat' dir='ltr'><strong>tuturo</strong></span> <span class='ocrx_word' id='word_1_532' title='bbox 1360 2883 1477 2926; x_wconf 72' lang='lat' dir='ltr'><strong>legem</strong></span> <span class='ocrx_word' id='word_1_533' title='bbox 1499 2879 1624 2928; x_wconf 69' lang='lat' dir='ltr'><strong>loqui?</strong></span> <span class='ocrx_word' id='word_1_534' title='bbox 1643 2885 1713 2919; x_wconf 83' lang='lat' dir='ltr'><strong>sed</strong></span> <span class='ocrx_word' id='word_1_535' title='bbox 1731 2884 1774 2926; x_wconf 79' lang='grc'><strong>0.</strong></span> <span class='ocrx_word' id='word_1_536' title='bbox 1790 2884 1969 2920; x_wconf 76' lang='lat' dir='ltr'><strong>Scaevola</strong></span> <span class='ocrx_word' id='word_1_537' title='bbox 1983 2889 2122 2928; x_wconf 77' lang='lat' dir='ltr'><strong>patrem</strong></span> <span class='ocrx_word' id='word_1_538' title='bbox 2136 2893 2240 2921; x_wconf 81' lang='lat' dir='ltr'><strong>snum</strong></span> <span class='ocrx_word' id='word_1_539' title='bbox 2258 2891 2296 2921; x_wconf 79' lang='lat' dir='ltr'><strong>et</strong></span> <span class='ocrx_word' id='word_1_540' title='bbox 2311 2886 2461 2922; x_wconf 74' lang='lat' dir='ltr'><strong>Brutum</strong></span> 
     </span>
     <span class='ocr_line' id='line_1_42' title="bbox 489 2937 2459 2987; baseline 0.002 -14"><span class='ocrx_word' id='word_1_541' title='bbox 489 2944 528 2973; x_wconf 89' lang='lat' dir='ltr'><strong>et</strong></span> <span class='ocrx_word' id='word_1_542' title='bbox 550 2937 760 2985; x_wconf 75' lang='lat' dir='ltr'><strong>Manilium,</strong></span> <span class='ocrx_word' id='word_1_543' title='bbox 789 2937 891 2977; x_wconf 72' lang='lat' dir='ltr'><strong>viros</strong></span> <span class='ocrx_word' id='word_1_544' title='bbox 919 2938 1078 2982; x_wconf 82' lang='lat' dir='ltr'><strong>apprime</strong></span> <span class='ocrx_word' id='word_1_545' title='bbox 1103 2941 1248 2986; x_wconf 88' lang='lat' dir='ltr'><strong>doctos,</strong></span> <span class='ocrx_word' id='word_1_546' title='bbox 1280 2941 1470 2984; x_wconf 80' lang='lat' dir='ltr'><strong>quaesisse</strong></span> <span class='ocrx_word' id='word_1_547' title='bbox 1495 2941 1548 2976; x_wconf 85' lang='lat' dir='ltr'><strong>ait</strong></span> <span class='ocrx_word' id='word_1_548' title='bbox 1570 2940 1845 2987; x_wconf 69' lang='lat' dir='ltr'><strong>dubitasseque,</strong></span> <span class='ocrx_word' id='word_1_549' title='bbox 1866 2946 2031 2979; x_wconf 67' lang='lat' dir='ltr'><strong>utrumne</strong></span> <span class='ocrx_word' id='word_1_550' title='bbox 2057 2942 2097 2977; x_wconf 82' lang='lat' dir='ltr'><strong>in</strong></span> <span class='ocrx_word' id='word_1_551' title='bbox 2122 2947 2205 2985; x_wconf 83' lang='lat' dir='ltr'><strong>post</strong></span> <span class='ocrx_word' id='word_1_552' title='bbox 2230 2943 2331 2979; x_wconf 75' lang='lat' dir='ltr'><strong>tacta</strong></span> <span class='ocrx_word' id='word_1_553' title='bbox 2355 2944 2459 2978; x_wconf 84' lang='lat' dir='ltr'><strong>modo</strong></span> 
     </span>
    </p>
   </div>
  </div>
 </body>
</html>
