2774 3651
1186 343 1615 396 —-⁴1⁷--

333 480 672 542 perfeetum,
701 476 784 523 boc
812 476 1469 539 plusquamperfectum.
1528 478 1680 538 Quum
1710 476 1828 522 enim
1856 491 1910 522 ea
1938 478 2026 523 ian
2053 494 2154 534 res,
2182 478 2313 525 cuius
2340 479 2445 526 finis

330 545 521 609 cadebat
556 546 603 590 in
634 559 846 605 praesens
876 553 1172 599 momentum,
1207 545 1435 592 diceretur
1470 547 1669 606 perfecta
1710 560 1832 599 esse,
1873 546 1978 604 plus
2015 545 2148 590 etiam
2176 562 2310 605 qnam
2338 561 2445 608 per-

328 615 447 665 fecta
486 613 723 658 videbatur
759 614 854 657 illis
893 627 945 657 ea
974 628 1048 658 res
1088 627 1217 667 esse,
1253 630 1369 675 quae
1398 629 1586 675 prorsus
1616 629 1704 659 non
1733 614 1987 671 attingebat
2014 611 2132 657 illud
2157 621 2440 672 momentum,

328 682 411 728 sed
438 687 535 728 tota
575 688 675 727 erat
714 684 760 725 in
778 682 1032 741 >praeterito
1062 686 1262 741 tempere
1291 685 1442 743 posita
1463 682 1528 743 *).
1595 682 1664 728 Ut
1690 687 1839 727 tamen
1869 682 2125 726 accuratius
2153 682 2289 725 etiam
2317 685 2439 742 prie-

328 753 393 796 ris
429 752 620 811 perfecti
656 765 757 793 cum
797 751 1026 808 praesenti
1063 750 1339 794 indicaretur
1369 751 1598 808 cognatio,
1636 751 1800 795 Graeci
1827 751 1994 793 nomini
2022 753 2306 809 παρῳχημένα»
2332 768 2437 795 συν-

327 825 472 879 τελικῷ
501 817 724 864 addebant
752 819 888 863 etiam
919 832 1077 863 nomeu
1099 823 1495 876 παρακείμενον
1522 824 1570 863 et
1597 819 1832 879 paullatim
1864 819 2032 863 omisso
2059 819 2141 862 illo
2171 817 2441 876 simpliciter

327 886 536 929 dicebant
563 886 866 945 παρᾱέείμενον
894 888 926 931 ἰ.
957 901 995 928 e.
1025 887 1319 946 praeteritum
1348 888 1597 946 perfectum
1629 892 1849 929 momento
1877 888 2104 946 praesenti
2124 885 2330 930 adiacens
2339 885 2439 945 ⁶⁸).

326 953 478 1010 Igitur
518 969 649 1011 quam
684 955 886 1012 proxime
925 954 1104 1011 quidem
1145 955 1483 998 consentiebant
1519 956 1603 998 boe
1632 955 1878 1013 perfectum
1919 961 2098 1013 tempus
2134 954 2346 997 accedere
2379 953 2439 997 ad

328 1035 542 1080 praesens
583 1026 875 1075 momentum,
924 1023 1069 1082 ipsius
1098 1028 1246 1068 autem
1277 1023 1529 1083 praesentis
1558 1037 1715 1067 nomen
1743 1023 1787 1066 ei
1815 1022 1984 1066 idcirco
2007 1022 2230 1081 negabant
2254 1021 2439 1067 concedi

326 1103 490 1148 posse,
520 1090 625 1146 quia
653 1089 893 1145 attingeret
922 1090 1127 1148 quidem,
1156 1107 1244 1135 non
1272 1097 1420 1135 tamen
1448 1089 1680 1135 excederet
1708 1088 1839 1144 illud,
1874 1090 1921 1134 id
1950 1096 2098 1134 autem
2127 1089 2302 1134 demum
2325 1095 2440 1135 ten·

326 1156 451 1216 poris
487 1158 709 1215 spatium,
750 1157 870 1215 quod
907 1173 960 1202 ex
999 1160 1243 1218 praeterito
1282 1158 1571 1219 proficiscens
1614 1157 1903 1216 egrederetur
1941 1157 2057 1203 illud
2086 1163 2356 1203 momentum
2385 1163 2434 1204 et

325 1225 373 1268 in
404 1225 604 1268 futurum
635 1239 811 1283 quoque
851 1241 949 1272 sese
980 1227 1260 1286 porrigeret,
1304 1227 1554 1286 praesentis
1583 1228 1760 1271 nomine
1794 1225 1916 1286 quod
1945 1232 2282 1287 nuncuparetur
2308 1231 2434 1273 esset

326 1293 508 1351 dignum
536 1292 800 1338 babendum.

331 1421 334 1423 v
460 1360 588 1406 N'ova
620 1366 766 1403 autem
797 1360 902 1413 illa,
941 1374 1056 1418 quae
1085 1360 1130 1404 in
1159 1360 1411 1406 Stoicorum
1438 1361 1584 1405 locum
1613 1366 1945 1414 successerant,
1975 1362 2223 1421 temporum
2253 1362 2433 1407 uomina

323 1424 501 1473 inventa
537 1427 713 1485 quidem
744 1429 816 1470 vix
855 1426 1063 1469 dubitare
1101 1429 1210 1470 licet
1236 1427 1544 1471 Alexandriae
1572 1428 1738 1469 fuisse:
1785 1429 1916 1481 plene
1944 1435 2066 1472 certe
2092 1444 2145 1473 ea
2173 1436 2432 1475 enumerata

324 1494 538 1537 habemus
577 1491 768 1550 primum
806 1490 852 1531 in
889 1489 1165 1547 Dionysii
1212 1489 1369 1533 Thra
1385 1490 1492 1543 cis,
1540 1489 1801 1532 Aristarchi
1837 1490 2077 1550 discipuli,
2124 1498 2431 1551 grammatica.

326 1560 702 1617 significationem
743 1560 891 1599 autem
929 1572 1080 1599 eorum
1120 1557 1261 1600 fuisse
1290 1573 1376 1601 non
1406 1559 1565 1609 aliam,
1603 1569 1735 1614 quam
1766 1572 1881 1614 quae
1908 1561 2109 1618 exposita
2138 1562 2267 1607 modo
2296 1579 2323 1608 a
2352 1579 2432 1609 no·

324 1629 397 1674 bis
427 1634 521 1683 est,
549 1628 749 1685 ipsorum
780 1627 1168 1681 grammaticorum
1200 1626 1313 1669 satis
1344 1626 1499 1669 multis
1529 1630 1575 1669 et
1602 1626 1843 1670 luculentis
1862 1628 2113 1673 confirmari
2133 1638 2284 1689 potest
2301 1634 2432 1678 testi·

326 1697 502 1743 moniis.
569 1694 643 1740 Ita
682 1695 887 1753 princeps
930 1709 1082 1738 eorum
1119 1699 1166 1738 et
1202 1698 1350 1738 aetate
1386 1694 1478 1737 fere
1518 1697 1566 1737 et
1603 1699 1725 1737 certe
1753 1694 1918 1752 ingenii
1948 1697 2146 1742 acumine
2178 1699 2431 1759 Apollo-

324 1766 453 1809 nius
490 1764 791 1824 Dyscolus
830 1761 909 1819 (de
937 1761 1037 1807 adv.
1075 1777 1121 1821 p.
1150 1762 1275 1818 534)
1311 1762 1620 1821 expositurus,
1664 1776 1778 1820 quae
1819 1762 2027 1808 adverbia
2054 1765 2242 1823 singulis
2271 1783 2428 1814 conve-

326 1835 453 1878 niant
482 1832 606 1876 verbi
641 1830 916 1889 temporibus
955 1832 1000 1874 ἐν
1030 1833 1360 1889 παρῳχημένων,
1397 1830 1563 1887 inquit,
1601 1834 1821 1888 διαφοραῖς
1849 1834 1969 1877 πάλιν
1996 1830 2046 1878 tc}
2075 1835 2147 1879 ἐπὶ
2174 1841 2427 1897 παρῳχημέ-

325 1919 396 1946 νου
432 1903 583 1958 χρόνον
621 1897 876 1957 ἐπιῤῥήματα
911 1902 1310 1955 παραλαμβανόμενα
1341 1894 1421 1952 οὔχ
1457 1894 1589 1942 οἷόντε
1619 1901 1768 1950 διήκειν
1796 1901 1865 1943 ἐπὶ
1892 1901 2132 1956 ἐνεστῶτος,
2176 1923 2233 1955 ως
2256 1907 2326 1949 ἐπὶ
2353 1910 2427 1951 τοῦ

324 1973 449 2014 πάλαι
486 1969 596 2013 ἐστιν
633 1968 845 2019 ἐπινοῆσαι
878 1966 904 2020 ἢ
939 1969 1088 2022 πρώην.
1109 1990 1111 1994 ⁴
1138 1963 1271 2010 οιόντε
1306 1968 1382 2020 μὲν
1419 1981 1500 2020 γαρ
1538 1966 1608 2009 ἐπὶ
1645 1972 1720 2010 τοῦ
1754 1966 2089 2024 ὖπερσυντελικοῦ
2127 1977 2246 2017 τοῦτο
2283 1977 2425 2030 φᾶιαι,
2470 1992 2481 1999 ‘

325 2040 487 2082 πάλαι
515 2037 853 2093 ἓγεγράφειν,
889 2034 1103 2088 πάλαιῆ
1077 2037 1402 2091 ηριστήκειν,
1442 2050 1490 2074 ου
1520 2031 1602 2089 μῆν
1628 2034 1688 2078 ἔτι
1720 2035 1787 2078 ἐπὶ
1812 2041 1885 2080 τοῦ
1911 2042 2235 2095 παρακειμένου,
2267 2042 2356 2087 ἐπει
2375 2062 2422 2089 το

325 2106 412 2162 ἅμα
441 2107 611 2161 νοήματι
639 2103 862 2161 ἠνυσμένον
898 2102 949 2147 δι’
973 2102 1098 2146 αυτοῦ
1123 2099 1376 2158 νοεῖται,τὸ
1412 2105 1456 2145 δὲ
1483 2104 1609 2145 πάλαι
1634 2101 1853 2158 ἤνυσμὲνης
1881 2106 2064 2159 πρᾶεαῖς
2091 2107 2179 2151 ἔστι
2204 2125 2428 2165 παραστα-

326 2173 450 2216 τικόν.
508 2171 687 2228 Quibus
717 2186 770 2214 ex
800 2169 945 2214 verbis
976 2170 1166 2228 primum
1198 2169 1516 2241 intelligimus,
1553 2166 1624 2213 τὸν
1651 2174 1951 2227 παρακείμενον
1980 2173 2036 2215 ab
2066 2173 2315 2232 Apollonio
2343 2192 2426 2221 nu-

327 2229 544 2283 meratum
575 2239 714 2281 fuisse
743 2238 788 2280 in
817 2238 1072 2296 praeteritis
1111 2238 1178 2294 (εν
1214 2237 1612 2295 παρῳχημένων
1639 2239 1897 2295 διαφοραῖς),
1933 2239 1982 2282 id
2009 2241 2129 2299 quod
2156 2245 2260 2288 aliis
2289 2246 2426 2292 otiam

325 2307 437 2350 locis
475 2307 531 2348 ab
562 2320 615 2347 eo
644 2305 844 2347 videmus
872 2305 1036 2347 factum
1067 2318 1191 2356 esse,
1224 2320 1254 2347 u
1337 2307 1457 2347 aullo
1486 2310 1591 2362 post
1629 2303 1676 2348 τό
1702 2311 1997 2363 παρῳχημένον
2026 2314 2098 2352 τοῦ
2125 2316 2425 2369 παρακειμένου

326 2380 395 2418 καὶ
421 2380 494 2418 τοῦ
521 2373 877 2427 ὗπερσυντελικοῦ,
906 2371 962 2414 de
986 2377 1153 2414 constr.
1182 2386 1227 2426 p.
1249 2313 1333 2424 37?
1346 2375 1418 2416 23.
1445 2387 1489 2429 p.
1508 2373 1618 2422 204,
1640 2373 1714 2416 23.
1743 2386 1788 2428 p.
1807 2374 1918 2426 2⁷2,
1939 2377 2036 2428 20„
2067 2377 2144 2420 ubi
2172 2382 2322 2434 χρόνος
2336 2398 2425 2423 πα-

326 2445 558 2499 ρακείμενος
587 2442 719 2497 plane
746 2438 879 2482 etiam
909 2453 991 2498 pro
1019 2441 1168 2496 χρόνος
1188 2443 1482 2497 παρῳχημένος
1507 2438 1686 2482 videtur
1715 2439 1909 2496 positum
1938 2457 2053 2490 esse.
2109 2444 2285 2490 Deinde
2305 2447 2424 2492 idem

325 2510 403 2554 ille
429 2511 723 2565 παρακείμενος
751 2507 902 2564 paullo
931 2512 1036 2564 post
1065 2512 1212 2550 tamen
1238 2512 1463 2565 tamquam
1492 2522 1703 2566 praesens
1731 2513 1908 2566 tempus
1930 2511 2181 2568 oppositum
2206 2520 2277 2558 est
2293 2530 2424 2573 prae-

325 2578 484 2629 terit03
510 2573 627 2632 quod
657 2574 771 2616 enim
802 2577 931 2615 autea
956 2573 1124 2617 dictum
1153 2578 1253 2618 erat
1279 2575 1349 2618 ἐπὶ
1370 2575 1607 2627 ἐνεστῶτος,
1634 2574 1682 2619 id
1711 2582 1866 2631 postea
1893 2576 2060 2620 dicitur
2085 2580 2156 2624 ἐπὶ
2184 2585 2257 2625 τοῦ
2279 2600 2424 2639 παρα-

392 2770 436 2809 *J
458 2771 537 2803 Non
562 2768 670 2810 igitur
695 2772 795 2810 erat,
820 2774 886 2799 eur
912 2765 1138 2806 scaliger
1160 2768 1223 2805 (de
1247 2775 1346 2800 caus.
1375 2767 1462 2808 ling.
1490 2768 1570 2800 Lat.
1595 2777 1629 2808 p.
1647 2769 1748 2809 293.)
1773 2768 1932 2801 Graecos
1955 2769 2160 2810 opinaretur
2177 2772 2318 2807 cautius
2336 2773 2426 2810 illud

464 2830 602 2865 tempus
626 2824 829 2865 appellasse
861 2818 1175 2866 ὑπερσυντελικόν,
1210 2823 1331 2857 Latini
1356 2823 1551 2858 ridiuacule
1578 2825 1973 2865 plusquamperfectum.
2025 2827 2174 2869 Utrique
2199 2830 2294 2863 enim
2318 2831 2356 2863 in
2381 2839 2427 2865 eo

460 2879 713 2915 denominando
746 2878 936 2914 manifesto
973 2879 1019 2917 ab
1051 2878 1175 2912 eadem
1207 2878 1386 2921 cogitandi
1408 2879 1546 2913 ratione
1570 2879 1722 2921 profecti
1746 2884 1840 2912 sunt.
1887 2879 1942 2912 cf.
1968 2881 2188 2916 Theodos.
2212 2885 2269 2918 cd.
2294 2884 2425 2921 occul.

461 2946 496 2977 p.
523 2936 602 2970 145.

381 3001 425 3043 *3
448 3002 597 3036 Plenum
621 3009 747 3035 nomen
769 3001 1030 3046 παρακείμενοι
1052 2994 1253 3036 ovato-⁴263
1278 3000 1389 3035 habes
1412 3002 1504 3043 apud
1526 3000 1829 3035 Theodosium
1852 3001 1937 3034 edit.
1961 3012 1984 3037 a
2009 3005 2226 3049 Goeulingio
2246 3016 2280 3048 p.
2303 3007 2383 3043 145⁸

1805 3056 1835 3099 3
