2774 3651
1190 281 1615 334 ...Il-...-

350 424 449 467 tres
480 417 809 478 pfiu-imn-
831 415 1037 463 illorum·>
1057 418 1310 478 §asperum
1336 416 1515 463 -mas
1536 415 1763 471 'ehu-ur
1795 413 1958 461 Graeci
1983 413 2293 464 enimbfflent
2319 419 2450 476 εἰμί,

345 487 427 542 ὃν,
461 486 676 544 ἔσομαι,
710 485 867 532 Latini
892 496 1039 540 auur,
1064 497 1251 540 eea-5
1278 484 2141 545 ero3qnae1eaim'praetem21'ermae
2165 485 2270 532 huie
2296 491 2452 547 posts-

344 555 458 600 rioei
500 556 637 601 verbo
674 556 940 614 plerumque
975 553 1170 611 adiu-gi
1195 553 1366 608 solent,
1410 567 1488 599 eas
1507 564 1581 599 ‘ex
1615 553 1704 598 alia
1717 570 1719 572 ·
1733 557 1929 598 cenent·
1963 553 2083 598 alius
2113 552 2450 610 significatio-in

341 622 494 670 radice
540 627 797 684 assumptas
839 622 1028 681 ...οὓς
1083 622 1276 682 Reliqua
1309 626 1460 668 antem
1496 623 1656 677 verba,
1693 626 1917 681 quotquot
1945 620 2258 677 inveniuntur,
2303 625 2451 670 omnia

344 698 526 751 praeter
560 694 767 753 copulam
804 690 1081 750 copulandae
1124 692 1260 735 etiam
1301 705 1402 735 eum
1454 689 1655 735 subiecto
1691 691 1759 734 rei
1796 691 1829 736 i.
1864 705 1905 736 e.
1943 689 2190 750 praedicati
2226 691 2452 736 notionem

343 760 589 806 continent.
649 757 811 804 Solent
838 759 982 815 igitur
1007 759 1114 803 baec
1135 759 1271 803 verba
1284 786 1299 813 ,
1336 763 1495 817 utpote
1521 758 1568 801 iu
1597 758 1761 816 quibus
1789 759 1920 816 plena
1951 758 2127 802 demum
2159 759 2290 817 qnasi
2307 759 2453 803 forma

341 832 390 872 et
416 828 593 888 species
629 826 755 874 verbi
792 831 1032 887 appareat,
1071 827 1339 888 simpliciter
1377 826 1513 871 verba
1552 826 1799 880 nominari,
1837 841 1972 885 quum
2013 827 2083 871 iui
2121 827 2263 886 priori
2291 832 2450 872 eontra

344 900 429 939 aut·
460 896 598 940 verbo
636 895 918 940 substantivo
954 900 1036 940 ant
1075 896 1263 953 copulae
1298 907 1458 939 nomen
1486 895 1745 955 impositum
1776 897 1851 941 sit.
1909 894 2086 938 Etenim
2115 895 2264 939 omnia
2291 895 2375 940 illa
2401 895 2450 939 in

340 961 456 1007 duas
485 964 595 1010 licet
623 962 869 1008 dissolvere
898 969 1079 1023 partes,
1104 978 1294 1022 quarum
1322 965 1513 1008 alterum
1542 963 1824 1008 eet-verbum
1855 963 2212 1013 substantivum,
2253 964 2447 1008 alterum

338 1030 653 1089 participium3
686 1030 736 1074 id
763 1031 882 1088 quod
918 1031 1036 1075 idem
1064 1032 1168 1086 ille,
1204 1032 1284 1092 qui
1312 1045 1399 1076 una
1429 1046 1532 1075 cum
1562 1030 1753 1077 Platone
1782 1032 2083 1075 totins'liuius
2115 1030 2347 1074 doctrinae
2375 1036 2450 1075 est

338 1096 545 1142 inventor
572 1099 890 1153 nominandus,
927 1101 1210 1145 Aristoteles
1249 1105 1297 1144 et
1335 1106 1440 1160 post
1471 1115 1571 1144 eum
1610 1099 1816 1159 plerique
1841 1113 1992 1143 omnes
2024 1097 2273 1142 docuerunt
2299 1111 2449 1154 gram-

339 1165 510 1210 matici.
567 1166 695 1209 Dicit
732 1168 848 1209 enim
889 1168 969 1210 ille
1005 1168 1124 1210 libro
1153 1166 1215 1211 V.
1257 1169 1455 1225 Metaph.
1492 1182 1532 1210 c.
1560 1170 1605 1211 7.
1645 1164 1806 1222 ὁσαχῶς
1842 1164 1925 1221 γάρ
1963 1170 2119 1221 λέγεται
2148 1166 2371 1223 (intellige
2395 1161 2447 1209 τᾶ

337 1229 530 1287 σχήματα
564 1237 636 1284 τῆς
670 1237 916 1289 κατηγορίας
952 1233 985 1277 i.
1007 1247 1056 1279 e.
1095 1234 1265 1276 formae
1304 1233 1628 1277 enunciationis
1666 1246 1747 1275 seu
1776 1232 1936 1288 verba)
1971 1237 2234 1285 τοσαυταχῶς
2269 1229 2318 1275 τὸ
2346 1228 2451 1274 εἶναι

336 1301 524 1353 σημαίνει
561 1327 573 1339 .
615 1329 629 1342 .
667 1330 679 1341 .
715 1330 726 1341 .
765 1298 884 1342 οὖδὲν
927 1297 1009 1354 γάρ
1059 1303 1240 1354 διαφέρει
1284 1297 1331 1342 τό
1377 1300 1604 1353 ἅνθρωπος
1648 1297 1908 1352 ὗγιαίνων
1945 1301 2068 1342 ἐστι’
2100 1299 2125 1350 ἧ
2160 1296 2187 1340 o‘
2220 1297 2447 1354 ἄνθρωπος

336 1363 569 1420 ῧγιαίνει
614 1365 637 1416 ἢ
673 1362 698 1408 ὅ
736 1364 961 1419 ἄνθρωπος
1000 1365 1178 1418 βαδίζων
1215 1365 1309 1409 ἔστί
1349 1366 1376 1416 ἢ
1416 1368 1574 1419 τέμνων
1613 1369 1687 1406 τοῦ
1724 1362 1951 1417 ἄνθρωπον
1998 1365 2174 1416 βαδίζειν
2212 1364 2239 1415 ἢ
2273 1366 2449 1418 τέμνειν,

336 1429 492 1485 ὁμοίως
532 1433 577 1470 δὲ
616 1433 684 1477 κᾳὶ
720 1430 791 1469 ἐπὶ
818 1433 900 1470 τῶν
928 1428 1071 1470 ἄλλων.
1129 1427 1280 1484 Atqui
1311 1426 1548 1485 participio
1577 1426 1657 1469 illo
1688 1427 1943 1470 continetur
1972 1426 2117 1480 notio,
2152 1437 2287 1485 quam
2317 1430 2448 1477 modo

336 1510 438 1541 esse
468 1494 595 1539 verbi
623 1499 797 1552 partem
828 1492 1049 1545 diximus,
1087 1493 1350 1553 praedicati.
1406 1493 1581 1538 Differt
1608 1499 1755 1538 autem
1790 1495 1874 1539 boc
1903 1493 2261 1554 praedIcatorum
2292 1510 2448 1555 genus,

338 1562 461 1623 quod
490 1578 591 1608 cum
623 1563 785 1620 copula
816 1559 863 1604 iu
892 1563 1025 1605 unius
1055 1564 1179 1607 verbi
1207 1564 1396 1606 formam
1427 1563 1610 1606 conflari
1639 1568 1795 1622 potest
1823 1563 1878 1605 ab
1907 1563 2013 1616 illo,
2042 1562 2164 1620 quod
2194 1564 2445 1616 seiunctum

339 1647 519 1692 semper
559 1647 585 1675 a
615 1630 773 1688 copula
815 1634 863 1673 et
898 1644 981 1688 per
1018 1628 1068 1675 se
1107 1632 1254 1689 ipsum
1293 1634 1366 1674 cst
1403 1631 1623 1687 positum,
1668 1631 1757 1682 ita,
1793 1635 1846 1674 ut
1877 1630 1960 1673 illa
1997 1629 2247 1685 significent
2275 1639 2445 1679 motum

338 1701 531 1759 aliquem
576 1712 656 1743 seu
706 1697 949 1752 actionem,
991 1698 1100 1742 haec
1152 1703 1307 1742 contra
1346 1697 1640 1743 stabilitatem
1679 1699 1875 1757 aliquam
1914 1713 1993 1742 seu
2033 1697 2327 1745 conditionem
2345 1703 2442 1759 ss).

338 1767 468 1811 Hanc
498 1767 640 1824 igitur
667 1767 902 1810 verborum
931 1767 1019 1811 vim
1050 1766 1291 1811 sentientes
1324 1765 1533 1817 Stoici,
1573 1780 1708 1823 quum
1736 1767 1950 1824 pleraque
1983 1780 2135 1809 eorum
2165 1766 2443 1814 animadver-

337 1839 486 1880 terent
521 1834 754 1894 pluribus,
809 1850 941 1893 quam
982 1832 1039 1876 ad
1076 1834 1239 1892 triplex
1283 1833 1398 1877 illud
1437 1840 1613 1893 tempus
1650 1833 1970 1890 designandum
2008 1835 2260 1879 necessaria
2297 1843 2442 1894 erant,

336 1904 561 1947 instructa
590 1916 690 1947 esse
717 1903 1017 1961 temporibus,
1047 1902 1128 1944 hoc
1158 1900 1324 1944 idcirco
1352 1900 1568 1944 docebant
1593 1903 1760 1944 factum
1792 1915 1916 1953 esse,
1946 1905 1998 1943 ut
2027 1900 2191 1958 duplex
2219 1902 2441 1951 indicare-

335 1974 415 2014 tur
451 1969 661 2023 actionis,
712 1984 827 2028 quae
867 1969 1017 2014 verbis
1051 1982 1263 2028 expressa
1300 1968 1391 2017 sit,
1439 1969 1575 2015 ratio.
1632 1970 1760 2014 Hanc
1799 1970 1915 2013 euim
1954 1967 2161 2013 dicebaut
2185 1985 2273 2015 non
2303 1987 2441 2032 posse

336 2037 427 2082 nisi
463 2042 543 2082 aut
583 2037 689 2082 dum
724 2039 806 2083 fiat
845 2042 924 2082 aut
960 2041 1196 2098 postquam
1226 2037 1315 2081 iam
1343 2036 1461 2080 facta
1487 2037 1550 2082 eit
1582 2036 1798 2132 cogitari,
1836 2051 2020 2095 eamque
2050 2036 2107 2080 ob
2137 2051 2318 2086 causam
2350 2041 2440 2088 duo

1693 2106 1724 2148 2

410 2242 449 2281 ⁸)
472 2241 636 2277 Graecas
659 2208 798 2284 quidem
824 2243 960 2276 formas
984 2234 1059 2284 εἶμι·
1067 2264 1076 2278 ,
1099 2232 1166 2284 ἦν,
1187 2238 1316 2284 ἔσομαι
1340 2240 1499 2274 eiusdem
1526 2240 1649 2284 stirpis
1674 2241 1817 2275 vinculo
1838 2242 1930 2275 inter
1948 2251 2029 2275 sese
2048 2241 2259 2278 coniunctas
2276 2254 2379 2291 esse,
2403 2249 2439 2282 id

469 2303 614 2339 omues,
639 2300 769 2342 credo,
792 2297 999 2332 concessuri
1026 2302 1108 2328 sunt
1132 2297 1260 2337 facile3
1289 2298 1348 2338 qui
1375 2302 1493 2330 autem
1516 2298 1609 2329 inter
1634 2297 1782 2330 Latinas
1806 2299 1941 2331 formas
1969 2307 2064 2331 sum
2092 2305 2129 2331 et
2157 2305 2258 2334 erat
2284 2303 2437 2337 manife-

472 2351 586 2390 stiora
611 2354 820 2398 negaverit,
849 2362 955 2395 quam
978 2353 1189 2385 inter—sum
1218 2359 1254 2385 et
1277 2353 1369 2396 rui,
1391 2353 1612 2394 cognationis
1638 2353 1797 2394 vestigia
1821 2355 2039 2395 deprehendi
2056 2364 2184 2399 posse,
2209 2365 2290 2391 enm
2313 2361 2437 2393 audire

467 2407 581 2440 velim
614 2409 829 2451 locupletem
863 2408 1024 2451 profecto
1048 2407 1151 2440 huius
1177 2407 1230 2440 rei
1257 2412 1458 2451 auctorem,
1491 2407 1763 2443 ’rei-entium
1794 2410 2077 2456 Varronem,
2108 2413 2211 2451 cuius
2238 2415 2327 2448 haec
2352 2423 2436 2451 sunt

467 2465 583 2496 verba
606 2465 668 2497 lib.
688 2466 754 2498 lx.
776 2468 821 2499 de
845 2466 931 2507 ling.
958 2465 1040 2498 Lat.
1062 2473 1095 2497 c.
1114 2464 1170 2497 52.
1217 2465 1342 2508 „Item
1368 2466 1461 2498 male
1482 2466 1668 2498 conferunt
1689 2466 1777 2510 fui,
1811 2475 1921 2510 sum,
1945 2474 2041 2506 ero,
2065 2469 2157 2510 quod
2182 2467 2253 2501 fui
2278 2476 2334 2503 est
2349 2480 2435 2513 per-

467 2519 624 2562 fectum,
648 2519 752 2552 cuius
779 2520 894 2553 series
922 2520 1010 2561 sibi,
1038 2525 1078 2551 ut
1105 2519 1231 2562 debet,
1254 2521 1291 2553 in
1308 2521 1468 2553 omnibns
1483 2522 1646 2561 personis
1666 2527 1703 2554 et
1719 2523 1844 2555 formis
1862 2530 2020 2566 constat,
2047 2525 2138 2563 quod
2153 2529 2210 2556 est
2228 2524 2432 2571 fueram,

465 2573 557 2618 tui,
581 2575 735 2615 fuero;
757 2575 801 2618 de
823 2573 966 2606 intectis
991 2582 1106 2614 sum,
1129 2574 1221 2613 qnod
1243 2583 1337 2605 nunc
1360 2574 1510 2616 dicitur,
1536 2576 1619 2607 olim
1642 2577 1826 2608 dicebatur
1849 2585 1974 2608 esum
1997 2583 2033 2609 et
2056 2577 2093 2609 in
2115 2578 2279 2611 omnihus
2304 2589 2433 2621 perso-

467 2630 527 2663 nis
549 2630 753 2673 constabat,
776 2629 869 2671 quod
891 2628 1122 2671 dicebantur,
1145 2637 1292 2671 esum,
1324 2636 1394 2672 es,
1422 2634 1515 2661 est:
1547 2638 1693 2674 eram,
1714 2639 1842 2671 eras,
1867 2639 1993 2666 erat:
2017 2641 2119 2677 ero,
2144 2634 2268 2679 eris,
2292 2638 2431 2671 erit.“

469 2684 526 2718 cf.
558 2690 767 2729 praeterea,
802 2693 894 2726 quae
920 2686 1022 2717 docte
1051 2689 1088 2717 et
1116 2684 1235 2717 sobrie
1268 2685 1313 2717 de
1341 2685 1445 2716 verbi
1474 2692 1581 2718 esse
1606 2686 1788 2719 radicibus
1811 2687 1993 2728 disputata
2017 2695 2098 2721 sunt
2121 2697 2145 2722 a
2169 2690 2369 2726 Struvio
2393 2694 2430 2728 in

468 2740 762 2774 commentatione
787 2741 984 2774 vernaculo
1007 2746 1172 2773 sermone
1199 2739 1335 2781 scripta
1359 2741 1403 2774 de
1421 2740 1552 2774 Latina
1568 2740 1804 2775 declinatione
1826 2748 1862 2775 et
1879 2743 2127 2785 coniugatione
2150 2754 2184 2786 p.
2202 2745 2248 2779 59
2262 2763 2311 2772 -
2325 2751 2383 2783 61.

399 2814 465 2855 *¹⁹³2
499 2817 577 2850 noc
611 2815 763 2858 duplicis
785 2815 890 2849 huius
913 2815 1198 2857 praedicatorum
1219 2815 1363 2858 generis
1388 2814 1413 2849 i.
1438 2824 1470 2848 e.
1496 2816 1676 2858 participii
1703 2823 1739 2850 et
1764 2818 1933 2851 adiectivi
1954 2818 2147 2854 discrimen
2169 2829 2275 2857 nemo
2299 2827 2429 2861 melius

445 2873 630 2962 {exhqqs‘qit
643 2875 941 2965 Βῖτοῗιιιςδιᾶιοιο
965 2871 1249 2909 Bernhardio
1277 2871 1315 2907 in
1344 2872 1437 2907 libro
1467 2872 1800 2918 praestantissimo,
1832 2874 1892 2916 qui
1922 2874 2117 2917 inscriptus
2150 2884 2207 2911 est
2238 2882 2427 2923 „Sp-ach-
