2774 3651
1152 320 1578 372 —27—

444 454 514 501 Ut
540 458 688 500 autem
719 453 832 507 viri,
860 467 974 513 quos
1003 452 1136 499 modo
1166 454 1631 506 commemoravimus,
1661 455 1958 501 restituerunt
1976 456 2167 503 Latinae
2195 474 2418 517 gramma.

307 524 427 569 tieae
463 523 593 582 quasi
630 528 830 583 ereptam
867 522 910 569 ei
947 523 1090 568 futuri
1119 522 1310 583 perfecti
1338 522 1434 567 sive
1464 523 1608 568 exacti
1635 524 1851 579 formam,
1889 527 1954 569 ita
1985 525 2042 569 ab
2071 526 2231 573 iisdem
2262 529 2335 574 liis
2361 545 2417 577 nc

307 589 528 637 Graecum
556 591 737 650 quidem
768 606 1016 638 sermonem
1046 605 1200 638 carere
1228 591 1311 635 hoc
1345 596 1558 651 tempore*
1575 592 1929 638 demonstratum
1959 597 2047 640 est.
2105 594 2166 639 Et
2193 597 2238 641 in
2268 599 2414 645 activo

304 659 489 719 quidem
518 659 717 704 Graecos
756 660 815 704 ad
852 661 986 706 huius
1023 661 1166 705 futuri
1203 661 1291 703 vim
1321 660 1652 718 exprimendam
1682 662 1881 705 futurum
1911 662 2062 716 ἔσομαι
2096 676 2197 707 cum
2228 668 2414 724 partici-

301 727 379 787 pio
405 727 596 788 perfecti
626 728 770 783 alius,
810 729 1104 788 quodcunque
1125 727 1226 780 “sit,
1262 726 1389 771 verbi
1420 730 1686 787 coniungere
1715 726 1915 787 (τετυφώς
1941 730 2125 787 ἔσομαι),
2161 731 2210 776 id
2240 734 2412 791 primu.

300 795 456 840 docuit
487 801 536 839 et
578 797 793 857 exemplis
828 797 1054 842 nonnullis
1092 809 1146 839 ex
1183 795 1439 840 Aristotele
1479 803 1527 842 et
1561 798 1864 842 Demosthene
1900 798 2096 857 sumptis
2130 800 2411 849 confirmavit

298 863 396 908 Th.
432 863 682 908 Linaeer
716 870 765 909 et
800 871 907 924 post
941 881 1041 910 eum
1084 864 1382 910 Gerardus
1421 864 1703 920 Vossius3
1741 867 1788 908 in
1827 867 2007 925 passivo
2041 872 2190 912 autem
2227 869 2284 913 ab
2312 872 2408 917 illis

297 933 412 977 hunc
452 933 497 977 in
537 932 670 977 finem
713 934 925 993 usurpari
966 934 1163 978 futurum
1203 947 1307 978 vore
1345 935 1587 994 perfectum
1625 937 1869 992 τετύψομαι,
1906 948 2034 978 nemo
2065 938 2193 993 prius
2228 938 2408 985 videtur

297 1002 584 1060 perspexisse
619 1000 877 1062 Heni-ico
909 1001 1148 1055 Ursino,
1190 1017 1455 1062 quamquam
1486 1003 1556 1047 hic
1586 1017 1796 1062 perverso
1829 1003 1934 1054 illo,
1972 1003 2094 1061 quod
2124 1008 2405 1062 grammatici

295 1069 395 1113 huic
425 1069 594 1114 formae
618 1069 947 1127 imposuerant,
977 1068 1185 1115 inductus
1215 1072 1414 1125 nomine,
1445 1071 1685 1130 impetrare
1715 1086 1739 1114 a
1769 1087 1817 1115 se
1847 1086 1932 1115 non
1957 1071 2129 1130 potuit,
2159 1075 2268 1131 quin
2297 1091 2399 1121 cum

293 1136 518 1195 perfectae
547 1137 614 1181 rei
642 1138 822 1184 notione
848 1139 990 1184 futuri
1020 1138 1234 1198 temporis
1264 1140 1399 1185 simul
1426 1145 1573 1185 tamen
1603 1139 1756 1198 paullo
1786 1144 1890 1197 post
1919 1139 2142 1198 perfectae
2172 1143 2398 1190 notionem

291 1204 340 1248 in
387 1217 440 1248 eo
478 1205 754 1251 coniunctam
795 1221 896 1253 esse
940 1206 1278 1253 existimaverit.
1342 1207 1497 1253 Verba
1534 1207 1651 1252 enim
1688 1206 1789 1251 eius
1821 1206 1877 1251 de
1912 1207 1993 1253 illa
2031 1222 2082 1254 re
2121 1208 2230 1255 haec
2266 1217 2401 1258 sunt:

290 1270 498 1325 „Graeci
529 1273 611 1315 hoc
650 1275 851 1317 futurum
878 1275 926 1316 in
954 1274 1104 1317 verbis
1131 1273 1178 1315 in
1207 1292 1241 1319 ω
1268 1276 1339 1319 vel
1363 1293 1414 1332 μι
1442 1274 1817 1319 circumscribunt
1842 1287 1925 1331 per
1954 1275 2242 1334 participium
2271 1292 2401 1338 pm.

290 1341 473 1383 teritum
499 1355 598 1383 cum
626 1342 778 1384 futuro
809 1342 933 1384 verbi
962 1354 1100 1392 sum,
1129 1345 1182 1382 ut
1201 1340 1379 1398 τετυφώς
1400 1342 1545 1398 ἔσομαι
1573 1340 1740 1386 verbe
1752 1353 1966 1386 raveto.
2025 1341 2193 1386 Contra
2215 1345 2397 1393 inindi-

290 1409 435 1453 cativo
458 1411 664 1467 passivae
686 1411 856 1452 formae
880 1409 1115 1453 verberum
1146 1409 1309 1453 liabent
1336 1410 1469 1452 iidem
1500 1425 1630 1453 suum
1658 1410 1811 1467 paullo
1837 1414 1942 1464 post
1963 1409 2186 1474 'futui-um,
2211 1412 2396 1461 Latino·
2470 1458 2475 1463 ,

289 1490 390 1519 rum
427 1475 582 1516 futuro
621 1478 775 1515 exacto
814 1474 935 1515 vocis
974 1474 1145 1515 activae
1178 1472 1273 1515 fere
1304 1473 1601 1532 respondens:
1644 1486 1746 1514 nam
1777 1477 1824 1513 et
1853 1472 2000 1530 ipsum
2029 1475 2394 1530 significationem

290 1543 579 1603 praeteritam
607 1540 743 1585 simul
770 1557 819 1584 ac
848 1541 1048 1584 futuram
1077 1555 1159 1583 suo
1179 1540 1309 1583 modo
1328 1541 1536 1584 involvit:
1563 1545 1615 1583 ut
1639 1542 1865 1597 τετῦψομαι
1893 1541 2086 1596 paullo
2113 1550 2247 1600 post
2269 1561 2395 1594 ver-

288 1611 423 1656 bera
436 1614 530 1655 tus
558 1624 683 1662 ero,
712 1608 833 1667 quod
861 1614 907 1653 et
936 1609 984 1652 iu
1011 1609 1080 1652 liis
1109 1613 1155 1652 et
1183 1609 1228 1651 in
1260 1607 1582 1666 deponentibus
1614 1621 1665 1650 ac
1690 1606 1995 1651 communibus
2026 1622 2156 1654 versa
2182 1615 2277 1659 vice
2301 1619 2391 1662 cir-

289 1677 588 1724 cumscribere
614 1691 791 1720 rursum
823 1678 972 1720 solent
999 1675 1166 1720 Latini.
1178 1679 1207 1701 “
1265 1674 1439 1722 Institt.
1462 1677 1571 1732 ling.
1589 1675 1693 1719 Lat.
1718 1679 1828 1720 sect.
1850 1673 1910 1719 V.
1939 1690 1978 1718 c.
1997 1674 2085 1722 VI.
2110 1686 2202 1727 not.
2220 1685 2290 1738 4.,
2314 1700 2388 1730 ea-

289 1747 477 1803 demque
508 1749 772 1801 repetuntur
798 1746 845 1786 in
878 1746 975 1786 eius
1000 1744 1171 1786 Graeca
1201 1744 1513 1798 grammatica,
1543 1742 1612 1787 ed.
1642 1741 1847 1785 Norimb.
1871 1743 1998 1786 1714.
2028 1757 2074 1800 p.
2094 1748 2193 1791 164.

422 1812 635 1856 Alterum
672 1817 845 1863 autem,
883 1812 928 1853 in
953 1826 1043 1867 quo
1071 1812 1347 1866 grammatici
1376 1817 1478 1869 post
1497 1810 1735 1853 Grocinum
1756 1810 1812 1851 ab
1834 1810 2194 1857 antecedentibus
2216 1818 2259 1859 ei
2286 1832 2386 1863 coe-

285 1883 449 1941 perunt
481 1876 731 1930 discedere,
771 1877 828 1919 ad
858 1877 1118 1930 discrimen,
1157 1878 1276 1934 quod
1305 1879 1423 1920 inter
1448 1878 1690 1936 perfectum
1726 1882 1773 1918 et
1804 1878 2287 1934 plusquamperfectum
2316 1886 2385 1929 in-

284 1946 556 1999 tei-cederet,
594 1945 802 2004 pertinet.
868 1945 967 1990 Hoc
1007 1946 1123 1989 enim
1157 1960 1292 2003 quum
1332 1951 1502 1989 veteres
1533 1944 1761 2000 magistri,
1805 1949 1856 1986 ut
1885 1943 2075 1988 vidimus
2090 1961 2267 2006 ,supi-a,
2303 1966 2383 2010 po.

284 2017 481 2063 suissent
505 2014 551 2058 in
578 2028 657 2067 eo,
685 2017 738 2057 ut
765 2015 961 2074 perfecto
995 2013 1322 2072 significaretur
1350 2027 1424 2057 res
1456 2010 1609 2066 modo,
1640 2012 2077 2071 plusquamperfecto
2106 2029 2180 2061 res
2207 2018 2381 2077 pridem

283 2086 481 2146 perfecta
518 2082 626 2128 Iul.
655 2081 813 2127 Caes.
842 2082 1105 2142 Scaliger
1133 2087 1285 2126 contra
1316 2080 1394 2137 (de
1422 2096 1566 2125 causs.
1596 2081 1705 2137 ling.
1728 2080 1831 2126 Lat.
1857 2082 1938 2126 lib.
1958 2080 2018 2126 V.
2043 2095 2083 2128 c.
2105 2085 2227 2141 113.)
2256 2101 2381 2144 uon,

283 2153 454 2212 inquit,
479 2156 531 2194 ut
560 2152 705 2204 aiunt,
735 2150 1060 2195 Perfectum
1089 2156 1144 2194 et
1172 2148 1692 2208 Transperfectum
1720 2148 1947 2192 distant
1975 2151 2124 2193 inter
2151 2166 2211 2195 se
2239 2158 2380 2199 tem·

284 2222 448 2280 poris
483 2219 940 2276 longinquitate,
959 2219 1008 2276 ¹¹⁸)
1039 2218 1119 2263 sed
1149 2218 1368 2277 perfecto,
1408 2218 1561 2274 paullo
1590 2220 1691 2259 ante
1723 2216 1807 2269 ait,
1848 2217 2114 2276 simpliciter
2141 2234 2235 2265 rem
2264 2223 2380 2269 iudi·

1639 2284 1669 2325 4
1696 2282 1722 2309 a

359 2424 399 2460 ⁸)
421 2420 606 2453 Adduntur
623 2428 646 2453 a
663 2420 845 2462 scaligero
865 2420 970 2452 haec:
994 2418 1152 2462 „meam
1169 2417 1283 2459 enim,
1307 2417 1387 2450 Risi
1407 2417 1477 2450 iam
1495 2416 1748 2459 quinquaginta
1763 2418 1877 2452 tribus
1896 2419 2020 2463 annis,
2045 2426 2081 2453 et
2094 2420 2230 2468 dicam,
2258 2425 2376 2467 Lege-

415 2484 493 2509 ram
513 2483 658 2508 versum
679 2476 766 2519 heri,
790 2480 980 2516 antequam
998 2470 1192 2506 biberem.“
1239 2475 1287 2507 At
1306 2475 1394 2507 hacc
1412 2472 1554 2515 quidem
1569 2473 1736 2513 exempla
1750 2481 1820 2506 non
1837 2479 1919 2506 sunt
1936 2474 1987 2508 ita
2002 2483 2217 2523 comparata,
2242 2486 2281 2513 ιιι
2296 2490 2375 2516 ma-

413 2532 605 2572 gistrorum
621 2531 761 2563 illorum
781 2535 1010 2570 praeceptum
1026 2530 1074 2561 iis
1092 2531 1248 2563 convelli
1266 2531 1390 2570 possit.
1437 2530 1506 2568 Qui
1524 2529 1617 2561 enim
1637 2530 1889 2570 quinquaginta
1903 2538 1967 2569 per
1978 2539 2090 2563 annos
2105 2540 2146 2563 se
2161 2533 2230 2565 inm
2248 2536 2373 2570 risisse

414 2588 570 2630 fatetur,
603 2587 635 2620 is
658 2586 816 2628 ridendi,
840 2585 873 2616 si
894 2592 964 2617 uon
986 2585 1111 2627 finem,
1137 2591 1176 2618 at
1194 2585 1380 2618 terminum
1397 2590 1514 2617 tamen
1531 2585 1702 2624 quendam
1723 2585 1848 2616 statuit
1866 2593 2038 2624 praesens
2056 2594 2269 2622 momentum
2281 2602 2292 2631 ;
2314 2594 2374 2632 qui

416 2648 533 2677 sutem
560 2642 656 2684 heri,
690 2641 822 2685 inquit,
856 2641 1014 2681 legeram
1042 2647 1206 2684 versum,
1235 2640 1270 2673 is
1295 2633 1436 2681 legendi
1452 2639 1638 2672 terminum
1663 2639 1759 2680 ponit
1777 2639 1815 2672 in
1833 2641 2025 2680 praeterito
2041 2646 2212 2682 tempore.
2267 2647 2374 2688 Atqui

416 2699 518 2731 cuius
545 2697 598 2729 rei
624 2696 797 2736 perfectio
826 2695 949 2727 incidit
975 2695 1012 2727 in
1040 2704 1212 2735 praeseus
1236 2700 1468 2738 momentum,
1500 2703 1579 2728 eam
1601 2695 1763 2736 magistri
1786 2694 1840 2727 illi
1858 2697 2025 2729 dicebaut
2043 2699 2190 2742 modo,
2212 2701 2314 2734 euius
2338 2704 2374 2737 in

413 2754 642 2797 praeteritum
666 2757 824 2796 tempus,
846 2760 926 2784 eain
948 2751 1036 2785 iam
1059 2752 1235 2793 pridem
1259 2753 1467 2793 perfectam.
1514 2752 1602 2784 Erat
1625 2751 1732 2792 igitur
1753 2751 1870 2792 potius
1887 2751 1939 2785 ita
1957 2752 2162 2786 dicendum:
2194 2757 2273 2788 Risi
2303 2760 2374 2792 iam

411 2809 666 2853 quinquaginta
688 2807 800 2843 tribus
823 2808 988 2841 abhinc
1012 2807 1128 2841 aunis.
1174 2807 1262 2841 'l'um
1288 2806 1380 2841 enim
1404 2806 1576 2848 perfectio
1602 2812 1750 2848 utroque
1774 2810 1932 2847 tempore
1949 2816 2128 2850 expressa
2144 2810 2180 2845 in
2200 2816 2374 2855 praeteri-

413 2875 487 2901 tum
504 2869 620 2909 cadit,
649 2871 684 2899 et
702 2865 851 2906 perfecti
868 2864 1063 2905 quidem'iu
1080 2862 1305 2905 longinquius
1322 2862 1431 2895 etiam
1449 2863 1681 2902 praeteritum
1698 2871 1803 2904 quam
1824 2863 2177 2905 plusquampertecti.
2223 2868 2371 2906 Cautius

412 2924 522 2965 igitur
546 2925 584 2957 in
610 2925 675 2956 liae
702 2930 742 2955 re
767 2921 902 2954 duobus
929 2918 1087 2952 saeculis
1110 2924 1191 2959 post
1213 2922 1383 2951 versatus
1402 2923 1459 2950 est
1480 2919 1700 2962 licinius,
1724 2920 1784 2961 qui
1803 2919 1840 2952 iu
1857 2920 2110 2955 dissertatione
2126 2925 2171 2957 de
2190 2930 2319 2970 te-pp.
2339 2937 2375 2963 et

415 2981 528 3014 modis
556 2991 590 3023 p.
609 2979 643 3013 8.
671 2979 794 3012 eodem
822 2977 959 3012 nomine
980 2976 1248 3018 reprehendens
1270 2975 1521 3018 grammaticos
1565 2999 1589 3022 ‚7
1600 2976 1730 3016 Falso,
1753 2976 1888 3020 inquit,
1911 2977 2036 3012 tribuit
2054 2985 2092 3013 et
2107 2981 2315 3018 Priscianus
2336 2994 2373 3020 et
